2302 4304
306 328 309 334 ’
389 321 699 417 BRUTU&
942 347 1020 418 nm

58 481 242 556 conciliare
264 482 423 556 videatur.
446 482 533 581 quali
560 483 650 556 enim
678 498 710 553 te
735 507 812 580 erga
832 482 923 556 illum
946 508 1024 580 per.-
1064 556 1066 561 ,

51 593 193 689 spicio,
217 593 271 690 tali
285 594 377 685 illum
400 595 435 665 in
447 613 480 666 te
492 587 666 669 voluntate
683 595 876 692 iudicioque
894 620 1024 693 cogno.
1062 607 1069 616 ‘

49 703 117 792 ¹vi..
135 706 250 801 Itaque
268 702 369 776 doleo
388 719 422 775 et
440 704 525 776 illius
547 704 702 795 consdi0‚
728 721 761 776 et
779 722 836 775 tua
853 730 941 777 voce
953 731 1023 802 po-
1042 736 1087 785 157

58 815 177 910 pulum
200 810 388 888 Romanum
414 841 526 889 carere
547 833 615 916 tam
641 816 721 888 diu:
745 815 838 913 q'uod
862 840 939 887 cum
962 839 1023 912 per

59 924 93 997 se
115 927 296 998 dolendum
323 926 386 1016 est,
422 943 492 998 tum
511 925 629 999 multo
657 925 761 1022 magis
787 924 1025 1014 consideranti,

59 1034 102 1103 ad
129 1059 216 1130 quos
238 1033 296 1105 ista
332 1048 402 1105 non
444 1035 596 1133 tpanssata
618 1034 698 1120 sint,
724 1033 788 1107 'sed
813 1035 924 1108 nescio
950 1049 1040 1133 quo'

58 1141 158 1234 pauo
177 1141 379 1214 devenerint.
431 1141 502 1221 Hic'
512 1140 662 1229 Atticus,
687 1142 848 1213 Dixeram
863 1142 1045 1239 ‚zinquit,·
1078 1201 1082 1211 .

58 1279 77 1324 a
97 1254 284 1351 principio,
309 1253 350 1325 de
375 1239 551 1349 republica·
561 1241 809 1343 ut'sileremus3
833 1251 943 1349 itaque
968 1253 1019 1324 fa·

56 1362 193 1434 ciamus.
212 1372 289 1434 nam¹
312 1359 412 1432 stisto
434 1360 540 1432 modo
564 1361 718 1432 volumus
730 1360 872 1459 singulas
895 1386 947 1434 res
960 1362 1019 1433 de-

56 1458 217 1563 siderare,
243 1498 313 1543 non
333 1472 443 1543 'modo
463 1472 646 1569 querendi,
671 1472 726 1553 sed
746 1498 787 1544 ne
805 1471 936 1569 lugendi
950 1468 1018 1569 qui·¹
1091 1499 1094 1508 ⁴
1116 1467 1123 1476 ’

54 1580 133 1650 dem
152 1578 253 1650 finem
281 1580 492 1675 reperiemus.
517 1582 716 1676 xPergamus
738 1586 840 1675 ergo,
864 1579 1016 1675 inquam,
1032 1604 1076 1674 43

53 1677 113 1758 ads
127 1687 277 1783 reliqua,¹
314 1705 346 1757 et
378 1685 558 1758 institutum
586 1686 740 1758 ordinem
772 1686 1015 1784 persequamur.
1035 1701 1081 1764 158

53 1797 188 1867 Paratus
206 1795 307 1892 igitur
325 1794 479 1866 veniebat
499 1792 651 1883 Crassus,
677 1794 940 1891 exspectabatur,
959 1822 1017 1867 au-

50 1907 224 1983 diebatur:
249 1933 268 1978 a
285 1907 452 2004 principio
471 1907 597 1993 statim,
625 1906 741 2005 (quod
755 1925 823 1979 erat
836 1909 923 2004 apud
937 1899 1015 1980 eum
1114 1928 1119 1942 ·

50 2007 181 2108 semper
199 2013 412 2113 accuratum)
428 2016 674 2112 'exspediatione
690 2019 808 2115 dignus
824 2007 1014 2092 videbatur}
1060 2034 1063 2039 ’

48 2142 122 2190 non
144 2120 246 2193 multa
270 2122 400 2218 iaciatio
423 2126 593 2220 corporis,
620 2150 688 2198 non
712 2127 882 2221 inclinatio
899 2129 1014 2227 uocis,
1051 2119 1054 2139 ⁸

49 2228 138 2299 nulia
158 2230 394 2322 inambtdatio,
418 2257 489 2305 non
508 2235 622 2305 crebra
643 2233 808 2332 supplosio
824 2222 938 2328 pedis:
953 2261 1013 2307 ve·

48 2337 214 2431 hemeris,
240 2360 272 2414 et
295 2343 461 2414 interdum
485 2343 585 2431 irata,
610 2366 643 2414 et
666 2345 759 2438 piena
790 2344 863 2416 iusti
887 2346 1041 2442 doloris,
1077 2413 1079 2416 Α

46 2451 179 2522 oratio?
204 2451 326 2524 multae
344 2470 377 2522 et
398 2477 474 2522 cum
495 2452 655 2548 gravitate
675 2451 827 2523 facetiae:
853 2454 1012 2551 quodque

45 2561 183 2632 difficile
206 2560 267 2648 est,
292 2562 382 2634 idem
399 2580 432 2633 et
447 2579 659 2656 perornatis,
685 2580 717 2632 et
736 2561 917 2657 perbrevis.
942 2567 1010 2642 Iam
1032 2599 1076 2650 ις,

45 2672 83 2743 in
105 2672 298 2764 altercando
316 2672 572 2768 invenitparem
596 2669 783 2749 neminem:
810 2672 954 2776 versatus
965 2674 1012 2751 est
1039 2677 1050 2701 ‘

45 2783 82 2854 in
105 2786 202 2878 omni
231 2785 300 2857 fere
324 2810 444 2882 genere
473 2784 659 2879 causarum:
688 2800 813 2854 mature
839 2783 1012 2860 inlocum

45 2895 236 2992 principum
264 2912 437 2967 oratourm
465 2895 593 2975 venit.'
625 2895 800 2968 Accusavit
820 2896 859 2967 C.
880 2898 1011 2969 Carbo-
1084 2914 1085 2917 ’

43 3029 145 3090 nem,
171 3003 472 3100 eloquentiffimum
494 3006 689 3095 hominem,
727 3007 908 3084 admodum
927 3009 1011 3077 ado-

43 3112 192 3185 lescens:
217 3114 379 3185 summam
403 3115 526 3212 ingenii
550 3141 621 3188 non
645 3116 774 3186 laudem
796 3117 923 3204 mod0‚
955 3116 1011 3188 sed

44 3223 148 3295 etiam
161 3225 414 3305 admirationem
433 3225 480 3298 est
493 3227 698 3300 consecutus
723 3225 884 3299 Defendit
896 3227 1009 3323 postea
1028 3247 1076 3298 160

43 3330 205 3415 Liciniam
231 3332 417 3430 virginem,
450 3361 525 3407 cum
552 3358 656 3406 anuos
676 3324 789 3404 xxun
810 3356 904 3407 natus
921 3336 1033 3426 cisen]
1074 3412 1075 3415 ,

43 3440 78 3512 in
103 3468 143 3516 ea
163 3444 231 3540 ipsa
255 3444 349 3516 causa
375 3443 440 3515 fuit
461 3443 766 3541 eloquentiffimus,
787 3444 1015 3540 orationisque·

43 3553 114 3626 eius
139 3552 273 3650 scriptas
294 3555 451 3652 quasdam
464 3554 735 3654 partesreliquit.
778 3556 902 3647 -Voluit
915 3557 1008 3626 ado·
1033 3624 1040 3631 ,Ν
1090 3554 1102 3577 ⁴

43 3659 166 3734 lescens
216 3663 251 3733 in
299 3663 432 3736 colonia
465 3663 672 3734 Narbonensi
704 3665 816 3737 causae
842 3663 1012 3759 popularis
1040 3661 1057 3713 ἶ
1110 3661 1114 3720 ἶ

43 3770 166 3870 aliquid
187 3773 367 3873 attingere,
382 3800 519 3874 eamque
540 3776 726 3873 coloniam,
752 3775 892 3947 'ip-fecit
904 3827 916 3863 ,
940 3773 1010 3871 ipse
1112 3807 1114 3811 ’

300 3935 311 3968 t
732 3909 737 3916 '
816 3897 947 3974 3“

1038 4002 1077 4052 A
