2302 4304
146 313 214 383 124
372 236 874 363 oaoRAT'oua

141 452 201 549 ipsi
217 477 292 524 cum
306 452 372 524 hoc
391 451 537 548 Srdpicio
562 450 636 524 fuit.
649 450 682 522 in
697 450 849 524 Norbani
862 448 956 523 causa
970 446 1102 523 summa

141 565 323 638 contentio.
348 565 502 661 pleraque
519 563 607 635 enim
626 562 668 634 de
691 561 751 653 iis,
773 587 855 659 quae
875 561 917 632 ab
929 559 991 632 isto
1008 560 1100 633 obii-

143 673 324 760 ciebantur,
338 698 414 747 cum
432 669 630 761 confiterer,
643 689 753 743 tamen
764 670 806 742 ab
824 669 882 741 illo
896 666 1101 742 maiestatem

142 784 301 857 minutam
321 784 502 882 negabam:
531 807 572 853 ex
594 807 664 879 quo
688 783 822 870 verbo,
846 781 918 878 lege
930 778 1070 875 Apuleia
1083 832 1103 868 ,

79 915 124 967 108
141 918 211 970 rota
224 898 276 970 illa
295 898 387 970 causa
409 896 579 994 pendebat
614 917 617 922 ·
631 898 739 992 Atque
760 896 794 966 in
813 895 879 968 hoc
891 919 1010 993 genere
1027 920 1099 966 cau·

141 1012 246 1084 sarum
261 1011 410 1082 nonnulli
423 1009 648 1106 praecipiunt,
672 1025 709 1080 ut
720 1010 862 1081 verbum
882 1008 983 1099 illud,
1004 1009 1099 1105 quod

141 1123 267 1194 causam
285 1122 387 1211 facit,
405 1121 511 1193 lucide
534 1121 745 1218 breviterque
768 1120 951 1194 definiatur.
992 1121 1097 1214 Quod
1141 1141 1143 1148 ·

69 1303 72 1307 .
95 1314 96 1318 Ἰ
142 1231 224 1302 mihi
250 1231 383 1328 quidem
397 1254 554 1326 perquam
579 1231 703 1325 puerile
729 1232 837 1305 videri
855 1232 947 1305 solet.
971 1231 1036 1303 alia
1053 1228 1100 1302 est

140 1340 254 1429 enim,
279 1357 355 1414 ‘erun
376 1339 462 1411 inter
477 1339 594 1412 doctos
606 1340 759 1413 homines
773 1341 815 1412 de
836 1341 875 1414 iis
897 1338 972 1437 ipsis
991 1339 1107 1428 rebus,

141 1471 224 1542 quae
250 1445 422 1521 versantur
445 1447 480 1517 in
504 1446 650 1536 artibus,
682 1447 885 1544 disputatur,
915 1446 1104 1521 derborum

78 1567 80 1572 '
141 1551 313 1625 definitio:
332 1570 390 1643 ut,
407 1579 483 1624 cum
503 1553 688 1650 quaeritur,
706 1555 791 1652 ,quid
813 1557 851 1627 srt
876 1580 927 1627 ars
940 1609 950 1644 ,
965 1555 1049 1652 quid
1062 1555 1100 1628 fit

140 1663 210 1750 lex,
234 1662 315 1759 quid
337 1661 376 1733 srt
392 1662 520 1736 civitas.
550 1666 608 1734 'ln
622 1664 742 1761 quibus
761 1664 1000 1760 hocpraecipit
1012 1664 1107 1736 ratio.

142 1792 239 1874 atque
256 1776 422 1864 doctrina,
446 1793 483 1847 ut
503 1774 567 1849 vis'
583 1776 651 1848 eius
669 1775 718 1847 rei
730 1788 745 1862 ,'
764 1792 864 1873 quam
885 1773 1101 1865 definias,src

141 1887 367 1981 exprimanu,
398 1902 436 1956 ut
463 1911 568 1983 neque
586 1886 665 1958 absit
687 1888 894 1985 quidquam,
912 1913 1022 1984 neque
1044 1887 1109 1960 su-·

18 1999 27 2042 l
59 2078 62 2084 Ι
80 2030 124 2080 109
141 1993 249 2090 persrt.
297 1994 401 2086 Quod
423 1994 557 2089 quidem
585 1995 620 2064 in
637 1994 690 2065 illa
704 1995 797 2067 causa
814 2019 920 2092 neque
937 1995 1108 2091 Sulpicius
1125 2004 1141 2063 ’.

141 2106 240 2195 fecit,
265 2129 373 2202 neque
391 2128 455 2202 ego
465 2103 574 2177 facere
587 2124 723 2180 conatus
736 2108 816 2180 sum.
867 2109 975 2197 Nam,
993 2133 1102 2206 quan-
1128 2118 1130 2125 ’

142 2237 214 2287 tum
235 2219 377 2312 uterque
399 2213 547 2286 nostrum
571 2214 703 2310 potuit,
728 2216 822 2289 omni
851 2215 948 2312 copia
968 2215 1101 2304 dicendi

142 2326 315 2416 dilatavit,
340 2325 421 2424 quid
442 2324 521 2396 esset
535 2323 733 2398 maiestatem
760 2328 919 2398 minuere.
965 2326 1104 2398 Etenim

57 2454 62 2464 '
141 2436 290 2511 definitio
306 2438 452 2535 primum
473 2436 671 2533 reprehenso
685 2438 793 2512 verbo
813 2461 907 2522 uno,
932 2445 988 2509 aut
1007 2436 1107 2508 addi-v

140 2564 203 2629 to,
231 2562 287 2615 aut
300 2544 444 2630 demto,
458 2544 551 2640 saepe
570 2562 789 2644 extorquetur
806 2571 824 2617 e
838 2546 988 2618 manibus
1004 2572 1013 2616 :
1043 2546 1103 2617 de-

140 2652 217 2724 inde
231 2678 350 2750 genere
363 2654 435 2749 ipso
456 2640 638 2748 doslrinam
659 2658 786 2730 redolet
805 2657 1103 2730 exercitationem-2

24 2855 25 2859 Ἰ
142 2787 208 2859 que
221 2787 324 2860 paene
337 2764 514 2860 puerilem:
527 2789 599 2837 tum
613 2786 646 2839 et
657 2769 692 2838 in
706 2768 843 2857 sensum,
856 2789 889 2840 et
902 2768 937 2839 in
951 2788 1101 2845 mentem

99 2915 108 2933 x
143 2865 259 2946 iudicis
272 2873 394 2946 intrare
406 2900 476 2947 non
493 2875 613 2974 potest.
640 2898 714 2954 ante
732 2879 822 2954 enim
834 2877 1106 2980 praeterlabitur,

144 3008 243 3081 quam
262 3002 414 3081 percepta
427 2983 483 3059 est.
885 2999 889 3006 '

63 3096 128 3168 ,26
193 3094 256 3166 Sed
273 3093 309 3167 in
329 3119 372 3166 eo
391 3120 535 3193 genere,
559 3095 595 3168 in
611 3119 706 3194 quo,
728 3098 821 3195 quale
851 3096 890 3171 fit
909 3097 990 3196 quid
1001 3150 1014 3183 ,
1026 3123 1106 3170 am·

31 3231 33 3234 ·
84 3232 129 3268 110
146 3207 297 3303 bigitur,
326 3208 446 3281 exsistit
477 3209 576 3282 etiam
610 3235 652 3289 ex
683 3209 795 3308 scripti
828 3209 1106 3311 interpretatione

136 3311 240 3413 'saepe
263 3320 462 3411 contentio,
480 3320 516 3392 in
542 3348 611 3420 quo
634 3324 720 3394 nulla
741 3321 850 3420 potest
870 3315 957 3406 else',
976 3319 1035 3389 nisr
1058 3344 1106 3392 ex·

104 3464 106 3466 v
146 3428 327 3525 ambiguo,
361 3435 614 3520 controversia„
646 3437 734 3507 Nam
765 3435 845 3506 illud
869 3431 1000 3529 ipsum,
1023 3457 1103 3506 cum

146 3538 302 3637 scriptum
318 3566 343 3632 a⁸
360 3541 514 3617 sententia
536 3545 715 3642 discrepat,
732 3570 833 3643 genus
851 3545 1020 3643 quoddam
1038 3543 1105 3614 ha-

147 3651 203 3723 bet
219 3650 364 3749 ambigui
379 3652 392 3721 τ’
408 3655 499 3750 quod
532 3671 602 3726 tum
630 3655 833 3750 explicatur,
859 3680 936 3726 curn
961 3678 999 3726 ea
1022 3676 1103 3726 ver-

147 3761 211 3854 ba,
244 3788 327 3865 quae
360 3761 494 3857 desunt,
531 3763 677 3864 suggesta
706 3763 803 3840 sunt:
825 3764 951 3863 ‘quibus
982 3762 1110 3840 additu

66 3876 144 4016 ι
178 4089 182 4097 ,

57 3796 59 3800 v
110 3777 118 3789 N
