2302 4304
379 302 603 414 ttnnn
654 303 731 374 111.
944 303 1015 402 269
1091 380 1095 429 Α]

60 477 153 551 arte,
181 459 403 557 determinat3
431 480 546 535 orator
572 480 680 536 autem
704 461 869 562 ficilligar
886 462 1021 537 senten·-

61 572 143 641 tiam
158 565 296 655 verbis,¹
321 591 359 642 nr
384 594 456 641 eam
477 595 615 644 numero
643 572 787 670 quodam
819 573 1018 668 compleda·

62 703 140 770 tur,
166 698 201 752 et
216 678 368 752 adstricto
387 699 419 752 et
445 678 563 754 soluto.
612 684 700 755 Nam
718 707 795 753 cum
813 683 922 755 vinxit
939 709 1018 755 mo·
1036 697 1083 764 176

63 791 116 864 dis
133 789 313 880 etfama,
334 791 456 862 relaxat
483 810 516 862 et
529 790 645 863 liberat
668 791 897 864 immutatione
923 792 1019 864 ordi-

64 897 142 985 nis,
163 914 200 968 ut
225 899 328 972 verba
359 924 465 998 neque
485 901 615 1000 alligata
646 902 707 978 sint
733 902 823 1001 quast
849 925 938 975 certa
959 904 1020 991 ali,-

64 1012 132 1103 q'ua
166 1006 239 1104 lege
260 1009 404 1098 versus,
440 1034 546 1107 neque
572 1011 617 1102 ita
640 1009 743 1084 soluta
758 1010 782 1102 ,'
795 1030 833 1085 ut
845 1035 1020 1111 vagentur.

63 1121 228 1209 Quonam
255 1118 354 1216 igitur
366 1120 472 1191 modo
495 1137 624 1208 tantum
638 1125 757 1194 munus
768 1121 947 1197 infistemus
960 1177 972 1212 ‚
984 1141 1023 1195 ut
1037 1137 1081 1214 45

66 1226 265 1298 arbitremur
282 1253 343 1303 nos
361 1229 445 1301 hanc
470 1227 541 1300 vim
567 1228 739 1301 numerose
763 1222 893 1303 dicendi
905 1231 1023 1304 conse·

67 1327 139 1423 qui·
150 1326 269 1422 posse?
294 1330 376 1401 Non
394 1329 440 1401 est
454 1347 586 1402 restam
604 1330 767 1420 difficilis,
789 1357 887 1429 quam
915 1330 1023 1405 neces·

67 1433 161 1504 saria.
184 1434 265 1507 nihil
278 1434 325 1508 est
335 1436 423 1507 enim
446 1455 513 1508 tam
530 1455 701 1525 tenerum,
724 1460 830 1535 neque
844 1456 909 1533 tam
924 1438 1023 1511 flexi·
1098 1470 1105 1483 ·

67 1547 160 1635 bile,
195 1572 300 1646 neque
321 1549 413 1646 quod
431 1567 498 1621 tam
512 1547 605 1620 facile
624 1548 798 1647 sequatur,
823 1572 1024 1646 quocunque

69 1659 195 1751 ducas,
219 1687 317 1758 quam
342 1664 460 1735 oratio.
513 1667 565 1733 Ex
587 1664 649 1735 hae
666 1660 804 1752 versUS‚
837 1687 879 1732 ex
909 1663 1023 1734 eadem
1043 1678 1089 1737 ¹77

69 1769 214 1865 dispares
238 1773 366 1844 numeri
393 1771 640 1851 conficiuntur:
677 1795 719 1843 ex
743 1769 804 1842 hac
831 1770 911 1841 haec
927 1771 1027 1842 etiam

70 1881 176 1952 soluta
188 1882 289 1954 variis
302 1882 438 1970 modis',
459 1881 706 1978 multorumque
729 1904 886 1977 generum
905 1878 1026 1952 oratio.

71 1990 153 2059 Non
166 1989 255 2059 enim
270 1988 344 2060 sunt
355 1987 416 2059 alia
432 1987 610 2076 sermonis,
634 1987 693 2058 alia
708 1987 929 2062 contentionis
949 2014 1028 2061 ver-

71 2081 131 2167 ba}
156 2121 264 2194 neque
284 2122 328 2168 ex
349 2097 415 2168 alio
437 2121 555 2193 genere
565 2097 607 2167 ad
627 2095 719 2167 usum
735 2092 984 2193 quotidianum,
999 2123 1029 2168 a·

71 2206 119 2276 lio
140 2196 182 2277 ad
200 2205 350 2296 scenam,
371 2230 595 2303 pompamque
618 2204 815 2276 sumuntur:
836 2206 899 2296 ,sed
915 2231 953 2276 ea
967 2230 1030 2278 nos

72 2340 150 2386 cum
173 2315 309 2388 iacentia
329 2314 509 2387 sustubmus
527 2315 688 2400 emedio,
715 2314 795 2385 ficut
809 2314 1029 2387 mollissimam

73 2450 184 2496 ceram
201 2426 243 2497 ad
269 2424 417 2498 nostrum
431 2425 602 2496 arbitrium
616 2423 801 2494 formamus
821 2445 855 2496 et
867 2422 1039 2521 fingimust

74 2528 188 2635 Itaque
200 2556 270 2612 tum
292 2565 411 2637 graves
437 2539 565 2627 sumus,
583 2541 670 2608 vtum
690 2536 841 2627 subtiles,
868 2555 943 2648 tump
956 2564 1030 2611 me·

74 2651 167 2722 dium
181 2651 339 2749 quiddam
354 2672 522 2727 tenemus:
545 2651 777 2724 fic'inslitutam
797 2650 942 2724 nostram
960 2652 1031 2724 sen·

74 2762 214 2833 tentiam
227 2761 369 2859 sequitur
388 2763 547 2836 orationis
571 2787 696 2860 genus;
718 2762 818 2860 idque
834 2765 876 2836 ad
895 2766 1031 2839 omnem

74 2875 260 2963 rationem,
283 2891 316 2945 et
338 2877 464 2948 aurium
477 2877 699 2972 voluptatem,
719 2899 752 2948 er
760 2877 945 2948 animorum
956 2904 1032 2950 mo-

74 3003 149 3056 tum
171 3006 316 3057 mutatur
338 3005 371 3056 et
389 2987 536 3062 vertitur.
585 2988 706 3062 Sedu
731 2989 766 3058 in
791 2988 952 3084 plerisque
976 3011 1032 3064 ree
1050 3005 1096 3068 ηε

77 3095 139 3169 bus
161 3094 395 3168 incredibiliter
409 3099 475 3169 hoc
489 3115 603 3168 natura
627 3097 672 3170 est
697 3098 764 3193 ipsa
785 3098 964 3168 fabricata:
989 3097 1033 3171 lic

76 3209 113 3279 in
131 3209 300 3296 oratione,
326 3227 362 3279 ur
388 3236 441 3300 ea,
466 3235 550 3306 quae
568 3212 742 3282 maximam
761 3210 928 3281 utilitatem
953 3211 987 3282 in
999 3212 1034 3286 se
1064 3254 1066 3259 ·

79 3317 300 3407 continerent,
311 3319 428 3413 eadem
441 3318 596 3390 haberent
610 3318 789 3413 plurimum
803 3319 858 3391 vel
867 3319 1032 3416 dignitatis
1098 3377 1102 3385 .

79 3426 134 3501 vel
140 3426 233 3523 saepe
246 3426 348 3499 etiam
356 3427 541 3512 venustatis.
552 3424 787 3499 lrieolumitatis
800 3453 836 3499 ac
849 3424 955 3503 salutis
964 3456 1032 3502 om·

80 3538 171 3608 nium
185 3535 444 3611 causavidemus
468 3536 556 3606 hunc
577 3534 694 3606 statum
722 3535 787 3606 esse
809 3536 903 3608 huius
931 3537 1031 3611 torius

81 3646 197 3716 mundi
212 3663 308 3743 atque
325 3640 475 3734 natutae,¹
488 3644 667 3715 rotundum
681 3646 868 3733 urceolum,
881 3667 1033 3742 terraque
1110 3678 1112 3683 ’

84 3751 310 3841 emeliam,
335 3751 510 3853 eaque-sua
524 3749 561 3822 vi
583 3771 728 3851 nutuque
741 3769 916 3858 teneatur3
937 3753 1033 3836 solut
