2304 4304
921 158 941 199 ἡ

176 307 241 354 ιιο
400 284 490 357 DE
537 284 907 365 OR'ATORE

169 441 328 518 stionibus
341 446 467 537 dicere,
486 449 611 521 nullum
621 450 733 548 potest
747 451 813 525 effe
832 479 935 552 genus
949 456 1136 548 orationis,

98 553 150 624 -16
169 555 262 654 quod
277 558 316 631 srt
333 574 519 658 exceptum.
530 560 595 634 Sed
608 562 632 633 fi
645 559 732 635 illam
745 589 882 664 quoque
895 589 1025 665 partem
1035 595 1136 668 quae-

113 675 149 738 ‘⁶7
167 665 310 740 stioirum
331 671 457 743 oratori
473 667 628 745 volumus
644 672 819 773 editmgete
831 700 969 776 vagant,
988 701 1024 755 et
1043 681 1133 775 libee

166 775 366 862 tam,etlate
381 795 559 872 patentem,
570 798 607 852 ut
615 778 656 851 de
669 778 767 852 rebus
779 781 876 856 bonis
888 801 945 857 aut
952 787 1047 860 malis
1057 815 1068 861 ε
1077 815 1133 863 ex·-

46 881 49 886 ’
165 888 315 985 petendis
325 907 381 960 aut
395 889 580 988 firgiendis:
596 890 748 965 honertis
765 909 822 967 aut
845 898 1018 994 turpibus:
1033 901 1129 975 utili.

165 1004 229 1079 bru
248 1021 304 1077 aut
325 1004 510 1078 inutilibus:
523 1007 567 1078 de
580 1006 728 1098 virtute,
750 1009 792 1089 de
812 1008 948 1103 iustitia,
971 1007 1015 1086 de
1040 1041 1130 1090 con·

164 1115 321 1204 tinentia,
353 1114 395 1187 de
424 1115 624 1211 prudentia,
657 1117 699 1189 de
737 1120 962 1217 magnitudine
995 1123 1126 1218 animi,

165 1226 207 1298 de
236 1222 440 1311 liberalitate,
463 1223 516 1294 .de
548 1225 685 1321 pietate,
724 1218 765 1299 de
799 1229 962 1320 amicitia,
985 1232 1126 1327 deiide,

163 1333 205 1404 de
237 1331 364 1421 officio,
387 1330 429 1401 de
445 1332 562 1404 ceteris
586 1333 781 1426 vitutibus,
801 1339 1043 1438 contrariisque
1069 1345 1124 1417 vi.

133 1434 232 1543 dis,
261 1437 438 1512 dicendum
467 1439 594 1519 oratori
619 1458 790 1536 putemus:
819 1444 981 1541 itemque»
996 1446 1039 1519 de
1066 1473 1123 1520 re-

150 1550 307 1648 -publi'ca,
332 1550 372 1623 de
395 1550 559 1646 imperi0,
580 1550 626 1631 de⁴
646 1576 684 1624 re
708 1553 862 1641 militari,
882 1552 924 1624 de
951 1552 1123 1654 disciplina

160 1661 319 1750 civitatis,
354 1659 396 1737 de
422 1658 597 1731 hominum
633 1662 783 1734 moribus
797 1689 808 1734 ε
821 1663 1025 1750 -ιιίῖιιιιιιιιιιιι
1047 1689 1121 1740 earn

61 1775 63 1779 ”
160 1795 297 1869 quoque
323 1789 461 1867 partem,
486 1770 544 1842 sed
563 1771 626 1861 ita,
639 1788 681 1842 ut
706 1769 746 1844 fit
768 1772 1019 1870 circumscripta
1043 1800 1123 1850 mo·

111 1891 142 1940 ⁶⁴³
160 1886 244 1957 dicis
275 1879 475 1980 regionibus.
501 1883 664 1980 Equidem
685 1885 820 1972 omnia,
842 1908 926 1980 quae
948 1887 1121 1981 pertinent

158 1995 201 2066 ad
230 1994 326 2067 'usum
360 1995 505 2085 civium,
538 2016 670 2067 rnorem
703 1994 897 2082 hominum,
925 2017 1018 2090 quae,
1041 2022 1119 2072 ven·

160 2107 267 2180 santur
292 2108 328 2178 in
350 2105 583 2179 consuetudine
606 2106 711 2195 vitae,
744 2107 780 2176 in
803 2100 931 2178 ratione
957 2106 1117 2204 reipubli·

159 2243 236 2308 cae,
259 2218 296 2290 in
321 2218 383 2290 hac
409 2215 564 2289 societate
597 2213 710 2304 civili,
740 2208 778 2286 in
815 2213 906 2286 sensu
936 2213 1114 2292 hominum

158 2322 350 2414 communi,
364 2326 401 2396 in
417 2340 552 2414 murra,
578 2320 614 2397 in
636 2324 805 2416 moribus,
829 2324 1114 2420 comprehenden-

157 2432 199 2504 da
226 2432 291 2506 effe
319 2433 445 2506 oratori
469 2450 575 2529 puto:
604 2432 781 2519 siminus,
810 2455 848 2505 ut
874 2432 1048 2530 separatim
1072 2437 1113 2511 de

68 2560 72 2567 ·
155 2542 205 2615 his
242 2544 348 2623 rebus,
375 2543 652 2640 philosophorum
689 2564 784 2618 more
820 2542 1043 2639 respondean
1080 2530 1120 2615 at

154 2672 259 2750 certe,
280 2650 375 2723 utin
396 2651 489 2723 caula
513 2654 691 2748 prudenter
717 2652 815 2750 poffit
833 2653 1002 2724 intexere:
1021 2648 1110 2722 hisce

154 2782 263 2829 autem
289 2756 364 2852 ipfis
390 2757 431 2830 de
462 2757 560 2831 rebus
586 2778 623 2830 ut
646 2761 690 2831 ita
718 2761 899 2858 loquutur,
923 2774 965 2828 ut
989 2755 1109 2854 ii,-qui

152 2869 239 2957 iura,
264 2867 322 2964 qui
345 2867 449 2964 leges,
468 2867 525 2964 qui
549 2868 700 2942 civitates
723 2867 989 2966 constituerint,
1002 2865 1108 2940 locuti

152 2979 244 3077 sunt,
269 2974 457 3072 simpliciter
485 2993 519 3049 et
545 2976 728 3072 splendide,
755 2979 821 3054 stne
854 2978 919 3051 ulla
946 2978 1029 3050 serie
1058 2976 1118 3049 dia·

151 3091 400 3188 l'putationurn,
417 3105 452 3159 et
476 3084 542 3163 sine
566 3089 676 3161 ieiuna
705 3091 952 3185 concertatione
981 3089 1107 3164 verbo·

101 3208 133 3279 ‘9
150 3223 235 3274 mm.
268 3201 346 3272 Hoc
367 3197 462 3284 loco,
489 3222 530 3269 ne
552 3218 619 3296 qua
640 3198 680 3271 fit
698 3196 935 3288 adnriratio,st
959 3214 1014 3283 tot
1033 3218 1107 3270 tan‹

149 3328 321 3408 tarumque
345 3333 457 3382 rerum
482 3309 568 3381 nulla
591 3335 615 3394 a
636 3332 691 3381 me
714 3327 886 3406 praecepta
917 3327 1104 3404 ponentur,

149 3423 192 3496 s1c
217 3421 342 3493 statuo:
363 3423 412 3494 Ut
437 3421 473 3492 in
495 3422 613 3498 ceteris
634 3420 775 3509 artibru,
800 3447 876 3495 curn
899 3419 1020 3492 tradita
1041 3416 1103 3492 lint

148 3536 307 3631 cuiusque
331 3535 409 3608 artis
436 3532 641 3638 difficillima,
660 3527 800 3631 reliqua,
832 3533 909 3630 quia
937 3549 995 3604 aut
1022 3530 1102 3604 faci

149 3646 247 3733 lioiu,
270 3661 325 3716 aut
347 3641 462 3713 finilia
490 3638 567 3728 sint,
593 3639 678 3712 tradi
703 3657 772 3711 non
793 3640 920 3712 necelle
949 3638 1036 3713 elle:
1063 3659 1102 3712 ιιι

135 3755 183 3852 in
213 3752 358 3852 pioira,
388 3749 447 3853 qui
472 3746 616 3829 bouins
650 3747 791 3845 speciem
822 3747 956 3859 pingere
988 3749 1101 3846 pero·
