2304 4304
31 301 42 313 „
137 271 238 368 466'
399 271 791 374 ,ounrou

184 441 260 510 Nec
281 434 387 509 solum
406 451 651 532 componentur
670 436 775 508 verba
792 435 945 527 ratione,
975 436 1032 509 sed
1045 436 1104 510 etl·

78 546 81 551 ⁴
135 575 190 621 am
210 545 366 621 finientur
376 588 393 638 ,·
406 550 565 645 quoniam
580 548 615 621 id
632 549 793 622 iudicirun
805 549 870 622 elle
889 531 1029 623 alterurn
1042 547 1119 622 au?

55 750 58 754 Δ
134 657 222 728 rium
241 654 391 730 diximus.
416 659 479 729 Sed
501 657 661 732 finiuntur
683 680 738 733 aut
759 661 1004 758 compositione
1018 661 1103 757 ipsa,

133 786 168 839 et
181 764 270 864 quasr
293 766 348 839 sua
366 767 499 863 sponte,
526 777 583 840 aut
595 768 741 866 quodam
760 767 881 866 genere
902 768 1103 857 verborum,

132 877 170 950 in
189 878 307 974 quibus
324 876 398 974 ipsis
415 879 620 952 concinnitas
635 878 735 952 inest:
749 896 833 978 quae
847 878 916 954 sue
935 879 1028 952 casus
1041 880 1100 951 ha-

129 984 214 1058 bent
229 987 264 1058 in
280 987 372 1061 exitu
386 987 521 1078 similes,
543 986 612 1061 five
630 985 763 1084 paribus
784 986 875 1084 paria
897 989 1101 1076 reddituum,

26 1155 30 1164 .
132 1101 202 1177 sive
219 1122 437 1200 opponunttu
457 1104 653 1190 contraria,
671 1104 782 1200 suapte
804 1109 919 1175 natura
941 1131 1099 1179 numero·

57 1222 110 1290 ¹⁵5
133 1210 166 1284 sa
185 1211 278 1299 sunt,
308 1213 434 1285 etiamst
458 1213 540 1286 nihil
566 1213 615 1287 est
636 1214 758 1287 failum
777 1212 818 1284 de
842 1211 1020 1291 industrias
1062 1219 1099 1288 ln

16 1421 22 1433 1
131 1325 228 1399 huius
258 1328 495 1439 concinnitatis
528 1326 771 1406 consectatione
797 1325 970 1424 ⁴Gorgiam
1006 1325 1098 1402 fuille

104 1441 318 1568 principem
333 1434 519 1540 accepimus
527 1496 539 1533 ‚
562 1466 632 1539 quo
647 1441 688 1513 de
703 1458 821 1538 genere
835 1437 888 1510 illa
900 1438 1020 1531 nostra
1029 1440 1097 1515 sunt

120 1551 168 1625 ·in
190 1552 396 1660 Miloniana.
418 1557 757 1657 Eflemm‚1udues,
781 1557 853 1624 haec
878 1573 944 1624 non
964 1557 1097 1649 scripta,

123 1667 186 1758 scd
203 1652 283 1733 nata
309 1667 381 1734 [ατ
405 1692 499 1760 quam
522 1691 588 1734 non
612 1651 805 1750 didicimus,
833 1665 1033 1754 accepimus,
1056 1671 1094 1736 le-

132 1773 263 1867 gimus3
283 1790 387 1842 uerum
407 1800 448 1842 ax
470 1795 587 1842 natura
607 1768 676 1864 ipsa
697 1771 910 1860 arripuimus,
928 1771 1094 1870 harfimus,

132 1881 352 1976 expreffimus:
386 1887 546 1976 adquam
577 1907 643 1949 mort
675 1880 778 1965 dorii,
813 1879 874 1970 sed
895 1880 1003 1970 fac‘li:
1034 1909 1093 1952 non

132 1991 290 2088 instituti,
307 1991 371 2082 sed
394 1994 508 2060 imbuti
521 1991 646 2082 sumus.
667 1981 763 2058 'Haec
790 1987 881 2072 enim
906 1989 993 2061 talia,
1010 1989 1091 2080 sunt,

40 2101 42 2106 ’
132 2113 192 2186 ut,
219 2098 297 2195 quia
330 2100 520 2190 referuntur
553 2098 595 2168 ad
626 2121 687 2184 ea,
713 2097 755 2166 ad
782 2121 867 2192 quae
894 2098 1091 2178 debentre·
1126 2089 1128 2095 ’

133 2196 235 2300 ferri,
260 2209 477 2308 intelligamus
502 2234 572 2280 non
595 2206 776 2305 quaesrtum
799 2205 869 2279 elle
894 2235 1091 2301 munerum,

68 2332 115 2385 ¹66
134 2320 190 2393 sed
214 2320 370 2410 secutum.
395 2323 500 2414 Quod
528 2321 566 2392 lit
590 2320 668 2391 item
696 2320 731 2389 in
758 2318 933 2396 contrariis
956 2319 1116 2417 referen-¹

130 2431 209 2505 dis:
233 2449 271 2504 ut
294 2429 347 2504 illa
374 2433 468 2520 sunt,
493 2431 612 2529 quibus
634 2454 704 2500 non
731 2426 837 2499 modo
865 2428 1041 2501 numerosa
1059 2453 1093 2502 o·

77 2575 80 2580 ·
131 2540 243 2630 ratio,
269 2540 324 2617 sed
351 2542 451 2612 etiam
477 2538 591 2611 versus
619 2538 778 2609 efficitur:

182 2653 290 2737 Eam,
316 2678 410 2743 quam
434 2652 522 2719 nihil
543 2648 691 2740 accustus,
717 2650 864 2716 damnas.
913 2640 915 2643 ⁵

135 2764 352 2850 Condamus,
376 2761 520 2850 diceret,
546 2760 604 2856 qui
631 2757 768 2833 versum
788 2734 932 2854 effugere
960 2758 1070 2832 vellet.

80 2923 83 2933 «
181 2873 266 2942 Bene
278 2899 371 2965 quam
385 2876 526 2943 meritam
543 2871 598 2968 effa
612 2896 758 2942 autumas
766 2922 777 2956 ,
791 2873 872 2939 dicis
885 2875 969 2939 male
982 2875 1090 2943 marari.

104 2999 106 3003 ’
180 2987 243 3071 Id,
257 2983 431 3078 quodscis,
447 2985 569 3082 prodest
585 2986 672 3052 nihil
680 3008 693 3051 .·
714 2985 764 3066 id,
778 2986 864 3074 quod
877 2981 994 3072 nescis,
1010 2984 1089 3084 obesi.

32 3113 37 3124 '
131 3092 272 3165 Versum
298 3089 398 3163 efficit
425 3089 493 3186 ipsa
519 3089 635 3159 relatio
667 3087 923 3161 contrariorum
953 3087 989 3159 id
1015 3088 1089 3162 ellet

131 3203 167 3285 in
193 3203 344 3276 oratioue
368 3200 597 3288 numerosum,
626 3204 725 3296 Quod
741 3202 828 3294 scis,
851 3203 938 3272 nihil
953 3206 1087 3305 prodest:

63 3340 114 3418 50
131 3315 215 3435 quod
231 3312 350 3403 nescis,
371 3316 515 3380 mulium
524 3311 608 3410 obest.
630 3309 764 3404 Semper
777 3307 873 3397 haec,
895 3314 1089 3406 quaeGrae·

131 3445 163 3494 cl
196 3437 340 3494 uvarum
375 3421 569 3510 nominant,
604 3445 680 3491 cum
708 3418 882 3491 contrarils
909 3442 1087 3518 opponun-

17 3625 19 3629 ,
129 3545 184 3603 tur
209 3524 389 3616 contruia,
414 3552 589 3621 numerum
603 3528 788 3601 oratorium
808 3530 995 3605 neceffitate
1022 3532 1090 3629 ipsa

63 3648 112 3717 167
130 3636 290 3725 efficiunt,
313 3651 347 3728 et
364 3644 440 3708 euin
457 3634 523 3709 srne
538 3636 709 3711 industria.
733 3639 811 3712 Hoc
823 3664 943 3736 genere
963 3640 1085 3740 antiqui

124 3755 193 3841 iam
207 3776 284 3847 aute
304 3753 479 3839 llourateru
496 3753 753 3849 delatrantur,
772 3774 806 3831 ct
822 3754 970 3832 maxime
984 3757 1075 3856 (ἔφη
1125 3827 1129 3838 ,
