2302 4304
347 302 568 375 trata
614 302 701 376 111.
942 322 1009 400 ψ
1092 244 1095 251 ’

9 451 20 519 6
63 460 241 536 rationibus
265 460 328 536 suis
352 461 535 559 separavit:
581 463 674 536 euius
696 459 862 560 ingenium
888 462 1018 536 varios-

66 603 125 673 que
148 577 317 651 sermones
348 575 586 661 immortalitati
607 573 733 670 scriptis
761 572 823 646 suis
847 573 939 647 Plato
952 593 1039 653 rra·.

9 713 20 727 ·
68 687 164 777 didit,
193 683 352 780 cumipse
377 684 503 757 literam
521 685 671 756 Socrates
695 678 815 753 nullam
833 679 1018 778 reliquisset.

9 805 17 847 ἓ
68 794 151 866 Hinc
175 792 347 866 discidium
359 790 438 862 illud
450 788 574 861 exstitit
587 785 676 884 quast
690 785 819 883 linguae
837 806 933 882 atque
948 798 1020 861 co'r·
1034 804 1068 866 tr

9 905 13 943 ²
69 906 135 997 dis,
151 903 327 978 absurdum
342 902 432 986 sane,
446 921 479 972 et
493 898 628 996 inutile,
641 921 674 970 et
696 895 1023 1000 reprehendendum,

68 1027 105 1090 ut'
118 1018 181 1090 valii
202 1042 268 1089 nos
286 1015 423 1111 sapere,
457 1014 511 1085 alii
538 1013 648 1086 dicere
679 1012 848 1090 docerent.
884 1013 1024 1106 ..le

67 1153 138 1198 cum
166 1125 270 1198 essent
299 1125 409 1220 plures
443 1123 511 1195 orti
537 1120 605 1196 sere
627 1147 646 1193 a
665 1124 824 1211 Socrate,
846 1161 848 1165 Α
868 1121 1021 1220 quod‘ex

61 1235 148 1306 ’ilius
169 1233 287 1318 variis,
315 1250 348 1303 er
361 1230 523 1320 diversis,
549 1252 588 1302 et·
600 1229 634 1301 in
654 1251 787 1301 omnem
807 1248 943 1323 partem
961 1225 1023 1298 dif-
1063 1311 1067 1319 ι

66 1346 143 1419 susis
162 1344 429 1443 disputationibus
450 1345 531 1418 alius
549 1345 636 1417 aliud
650 1343 924 1442 apprehenderam
944 1367 1027 1437 pro=
1068 1354 1085 1397 ·,

65 1454 237 1526 seminatae
253 1452 430 1551 suntquast
453 1452 596 1526 familiae
618 1451 838 1527 dissentientes
859 1453 947 1527 inter
965 1453 1026 1539 se,

64 1581 94 1637 et
111 1563 251 1636 multum
266 1560 460 1653 disrunslae,
479 1581 512 1635 et
523 1563 686 1661 dispares,
716 1589 792 1636 cnm
819 1583 930 1638 tamen
943 1588 1020 1641 om·

9 1688 12 1731 i
62 1699 116 1747 nes
137 1672 171 1745 se
183 1668 374 1770 philosophi
398 1672 587 1746 Socraticos
608 1696 641 1746 et
655 1674 720 1749 dici
739 1674 880 1767 vellent,
908 1675 1019 1749 etesse

62 1782 311 1854 arbitrarentur.
358 1782 531 1877 Acprimo
550 1781 684 1878 abipso
699 1783 834 1856 Platone
856 1783 1018 1860 Aristote-
1041 1807 1088 1877 17

60 1890 103 1962 les
122 1908 157 1961 et
178 1888 410 1976 Xenocrates3
432 1913 579 1988 quorum
598 1887 679 1962 alter
699 1890 1017 1987 Peripateticorum,
1034 1902 1070 1952 ⁶2

61 2003 142 2076 alter
169 2000 368 2075 Academiae
400 2027 525 2077 nomen
546 2002 717 2076 obtinuit:
742 2004 865 2086 deinde
880 2006 923 2080 ab
947 2008 1023 2079 An·
1067 2091 1070 2096 ,

62 2111 222 2199 tisthene,
248 2108 305 2208 qui
324 2109 542 2206 patientiam,
568 2131 601 2186 et
620 2114 773 2185 duritiam
794 2114 829 2185 in
847 2116 1019 2188 Socratico

60 2218 215 2299 sermone
245 2216 388 2291 maxime
410 2221 596 2312 adamarat,
624 2220 749 2319 Cynici
774 2223 937 2316 primum,
960 2226 1018 2296 de-

60 2329 139 2400 inde
157 2326 278 2399 Stoici:
316 2351 387 2400 tum
406 2331 448 2402 ab
469 2331 670 2426 Aristippo,
695 2355 796 2426 quern
822 2333 893 2421 illae
915 2337 1021 2433 magis

61 2437 286 2533 voluptariae
302 2438 538 2535 disputationes
565 2441 761 2512 deleuarant
781 2495 795 2529 ,
822 2443 1019 2542 ¹Cyrenaica

60 2548 271 2650 philosophia
283 2551 446 2640 manavit,
475 2576 573 2677 qttam
588 2552 662 2642 ille,
684 2552 795 2625 eteius
810 2554 932 2650 posteri
943 2558 1019 2632 fim-

60 2661 191 2786 pliciter
203 2661 462 2748 defenderunt,
440 2688 476 2751 n,
483 2687 541 2760 qur
550 2688 636 2737 nunc
645 2666 816 2762 voluptate
828 2668 939 2740 omnia
955 2695 1021 2743 me·

60 2773 209 2862 tumuit,
226 2773 306 2843 dum
314 2775 545 2849 verecmdius
550 2777 585 2848 id
599 2800 715 2875 agunt,
728 2802 791 2851 nec
809 2781 957 2878 dignitati
969 2781 1018 2854 sa·

59 2877 229 2951 tisfaciunt
243 2903 372 2976 ,quam
385 2904 455 2953 non
473 2885 701 2980 aspernantur,
727 2915 789 2962 nec
811 2884 1017 2990 voluptatem

61 3007 216 3081 utentur,
254 3012 353 3086 quam
374 2991 553 3087 amplexari
573 2995 703 3070 volunt
753 3003 895 3073 Fuerunt
917 3002 1026 3081 etiam

61 3102 122 3176 alia
145 3129 267 3201 genera
289 3104 590 3201 philosophorum,
615 3134 673 3206 qur
663 3109 718 3181 se'
738 3135 857 3182 omnes
870 3109 939 3181 sere
951 3114 1024 3182 So-v

61 3211 204 3284 craticos
222 3211 288 3283 esse
305 3212 479 3299 dicerent;
514 3215 765 3303 Eretricorum,
790 3213 1019 3305 Herilliorum‚

62 3323 330 3421 Megaricorum,
354 3324 652 3422 Pyrrhoneorum;
676 3326 731 3398 sed
748 3351 787 3396 ea
802 3324 968 3399 horum
935 3354 971 3402 vt
985 3346 1018 3400 et

61 3431 333 3527 disputationibus
354 3431 427 3506 sum
440 3433 563 3505 iamdiu
583 3432 684 3506 frasta
706 3452 739 3507 et
757 3410 935 3510 exstinbla.
967 3440 1024 3506 Ex
1034 3439 1066 3506 63

61 3540 122 3613 illis
140 3558 280 3626 autem,
304 3565 387 3639 quae
407 3564 598 3631 remanent,
623 3567 662 3614 ea
678 3543 907 3670 philosophia,
934 3568 1018 3638 quae

62 3652 199 3750 suscepit
212 3654 433 3750 patrocinium
447 3654 642 3750 voluptatis,
666 3654 724 3725 etsi
737 3655 789 3727 cui
803 3679 885 3728 vera
899 3652 1017 3737 videa·

63 3778 140 3855 tur,
166 3763 283 3860 procul
296 3761 385 3836 abest
404 3765 570 3841 tamenab
589 3789 632 3836 eo
648 3762 756 3855 viro,
767 3788 865 3860 quem
886 3742 1056 3859 quaeri
1115 3810 1117 3815 -

770 3863 838 3955 Ρ4
