2304 4304
135 297 183 369 32
368 270 405 344 D
429 271 457 341 E
505 270 541 340 Ο
565 266 596 340 R
621 269 651 340 Α
674 266 708 340 Τ
732 267 769 339 Ο
792 267 823 337 R
847 266 875 338 E

134 460 181 506 re.
206 437 244 506 ln
257 430 376 533 quibus
394 431 505 505 dicere
531 430 737 504 Charmadas
760 426 937 514 solebat,
928 427 1103 526 ingenium

135 534 254 631 ιιιιιιιι,
281 540 413 627 craffe,
435 538 654 614 vehementer
667 540 857 646 admirans,
881 565 936 611 me
949 528 1033 611 fibi
1024 566 1103 638 per·

59 695 65 706 ·
135 653 294 726 facilem
287 680 320 725 m
336 653 522 743 audiendo,
548 671 582 725 te
596 656 840 749 perpugnacem
854 651 889 722 in
902 649 1103 778 disputando

74 793 114 840 21
135 754 200 838 esse
214 766 332 840 visum.
382 759 539 862 Tumqu'e
554 790 643 862 ego,
669 764 731 836 hac
745 764 860 837 eadem
869 789 1033 859 opimone
1046 767 1103 839 ad·

86 905 119 953 94
135 877 261 966 duilio,
281 871 391 969 scrips1
405 873 504 944 eriam
519 871 599 942 illud
613 870 788 968 quodam
779 895 815 941 ιιι
827 869 952 959 libello,
967 869 1053 992 qui
1044 894 1103 944 me

134 984 343 1080 imprudente
369 999 403 1052 et
425 977 535 1051 invito
554 978 702 1065 excidit,
729 995 764 1050 et
789 979 944 1074 pervenit
965 979 1002 1050 in
1024 1006 1103 1052 ma-

134 1119 194 1165 nus
221 1091 416 1174 hominum,
444 1093 469 1158 d
467 1089 574 1182 sartos
600 1084 828 1183 mecognoffe
842 1085 1102 1177 nonnulloS,

84 1273 86 1279 .
133 1209 306 1298 loquentem
328 1200 434 1311 adhuc
455 1196 642 1270 neminem:
666 1198 845 1295 quodeum
858 1193 1037 1270 statuebam
1052 1201 1106 1273 di-

134 1310 282 1399 sertum,
310 1335 368 1405 qur
358 1306 490 1403 posset
507 1306 581 1378 satis
599 1323 719 1393 acute,
746 1326 845 1403 atque
858 1306 1000 1379 dilucide
1011 1313 1102 1407 apud

133 1419 320 1491 mediocres
333 1417 508 1506 homines,
521 1441 564 1487 ex
578 1440 749 1488 commum
739 1416 904 1514 quadam
923 1419 1103 1516 opinione,

134 1529 267 1601 dicere:
290 1508 500 1623 eloquentem
522 1548 632 1611 vero,
658 1524 1102 1628 qu1m1rabd1usetmagm
1120 1549 1121 1552 ’

136 1618 287 1706 licentius
309 1658 428 1731 augere
454 1632 562 1729 posset
585 1651 683 1732 atque
703 1658 841 1724 ornare,
858 1661 942 1734 quae
968 1639 1073 1712 vellet
1088 1626 1120 1730 ,⁹

43 1812 48 1824 ,
133 1767 317 1842 omnesque
331 1743 483 1815 omnium
510 1749 646 1837 renim,
673 1767 757 1841 quae
775 1745 817 1816 ad
831 1745 1008 1817 dicendum
1022 1771 1104 1844 per«

134 1853 298 1939 timerent,
320 1853 432 1926 fontes
450 1853 565 1926 animo
586 1880 625 1926 ac
639 1855 802 1927 memoria
816 1857 1012 1931 contineret.
1063 1861 1103 1936 Id

133 1963 159 2035 ιι
185 1965 230 2036 est
248 1965 379 2039 difficile
393 1966 505 2054 nobis,
534 1966 705 2063 quiante,
724 1992 826 2064 quam
848 1969 890 2040 ad
906 1966 1103 2045 discendum
1136 2011 1138 2014 >

59 2074 265 2178 'ingressi
291 2076 426 2165 sumus,
468 2074 643 2147 obruimur
670 2075 852 2148 ambitione
875 2094 909 2148 et
934 2075 1038 2162 foro;
1062 2076 1107 2162 slt

89 2194 245 2261 ortamen
277 2185 312 2255 in
342 2209 378 2257 re
409 2184 551 2282 positum
579 2205 678 2281 atque
711 2203 836 2258 natura.
880 2189 959 2284 Ego
986 2187 1101 2276 enim,

132 2312 294 2391 quantum
309 2318 456 2392 auguror
469 2293 680 2383 conieslura,
708 2315 895 2393 quantaque
918 2296 1051 2393 ingenia
1065 2297 1102 2368 in

135 2401 254 2474 nostris
272 2401 463 2476 hominibus
485 2403 549 2476 esse
571 2401 700 2491 video,
741 2430 811 2476 non
831 2397 995 2500 despero,
1023 2403 1102 2477 sore

20 2513 23 2521 '
136 2507 277 2608 aliquem
294 2506 505 2612 aliquando,
538 2516 596 2614 qui
621 2534 655 2588 et
677 2514 784 2603 studio
808 2515 960 2601 acriore}
986 2540 1101 2612 'quam

20 2656 24 2665 ·
101 2707 103 2710 y
137 2641 199 2688 nos
221 2617 354 2708 sumus,
381 2641 480 2719 atque
493 2622 640 2712 suimus,
669 2643 701 2697 et
716 2624 790 2696 otio
810 2649 849 2696 ac
871 2623 1025 2698 facultate
1034 2627 1102 2699 dis·

137 2730 235 2802 cendi
257 2730 384 2803 maiore
399 2760 436 2805 ac
456 2733 657 2820 maturiore,
684 2757 718 2807 er
736 2736 850 2809 labore
873 2750 971 2835 atque
1001 2737 1102 2810 indu·

137 2839 212 2910 stria
225 2839 423 2935 superiore,
455 2867 532 2915 cum
555 2843 587 2916 se
606 2846 647 2916 ad
661 2847 876 2934 audiendum,
903 2850 1101 2947 legendum,

137 2949 411 3072 scribendumque
424 2952 605 3043 dediderit,
629 2954 745 3043 existat
763 2958 835 3030 talis
851 2976 988 3044 orator,
1015 2985 1101 3058 qua-

20 3147 22 3151 *
87 3080 89 3084 ¹
138 3055 203 3127 lem
230 3059 436 3154 quaerimus:
472 3061 530 3159 qui
545 3061 616 3134 iure
640 3086 710 3136 non
724 3064 829 3137 solum
847 3057 1009 3155 disertus,
1045 3067 1102 3138 sed

136 3165 236 3236 eriam
263 3168 420 3267 eloquens
432 3171 497 3245 d1c1
510 3169 627 3269 podi't:
646 3175 704 3274 qui
725 3195 861 3267 tamen,
882 3182 957 3250 mea
970 3176 1103 3250 senten·

110 3277 209 3366 tia,
236 3300 291 3352 aur
318 3282 372 3355 hic
386 3284 515 3359 elliam
541 3285 722 3378 Crassus,
716 3308 794 3380 aut,
816 3292 928 3390 liquis
942 3294 1102 3389 pansue

139 3386 184 3459 ιιι
204 3387 363 3484 iri-genio,
377 3397 536 3493 pluraque
551 3420 651 3496 quam
663 3401 743 3486 hie
758 3416 790 3478 et
804 3398 968 3492 audierit,
985 3423 1019 3475 ct
1031 3405 1102 3475 lec
1112 3492 1115 3499 Ι

106 3500 265 3682 tiqqlrit,
254 3521 326 3586 ,et
352 3504 538 3629 scripserit,
576 3502 708 3609 paulum
736 3514 814 3586 huic
831 3516 954 3669 aliquid
976 3519 1105 3612 poterit

140 3636 158 3681 a
204 3634 269 3682 Qi'ss.

94 3737 124 3800 96
190 3724 267 3796 Hoc
288 3723 424 3797 locor
381 3704 571 3828 Sulpicius,
588 3730 769 3828 Insperanti
788 3736 928 3825 mihi,
919 3739 1030 3836 mquit
1044 3793 1055 3829 ,
1070 3761 1124 3820 et,
