2302 4304
143 288 212 390 ,μ
454 290 761 368 nuutun

140 451 218 525 dem
240 473 446 548 peruenerat.
474 451 627 527 Sisenna
645 471 778 545 autem,
802 451 893 553 quat
906 458 1099 533 emendator

140 560 302 637 sermonis
328 562 435 636 usttati
469 588 546 637 cum
570 563 635 637 effe
664 563 787 654 vetet,
823 590 866 641 ne
889 590 909 639 a
931 568 975 645 C.
1000 570 1096 647 Rufio

140 674 276 770 quidem
296 674 482 753 accusatore
497 677 654 750 deterreri
674 677 805 773 potuit,
830 702 903 777 quo
921 681 1032 759 minue
1044 682 1095 757 in·

75 792 124 847 ²60
140 783 263 858 ufitatis
275 786 384 859 verbis
402 805 557 862 uteretur.
606 788 775 883 Quidnam
793 789 875 863 istuc
894 790 968 865 est?
991 793 1093 892 inqu’n

141 893 283 981 Brutum
317 919 373 969 aut
398 898 471 994 quis
496 896 544 975 est
561 896 619 972 iste
640 899 681 972 C.
703 897 840 975 Rufius?
868 904 911 974 Et
935 901 1011 993 ille,
1025 905 1091 978 Fuit

140 1003 327 1093 accusator,
349 1006 473 1101 inquit,
494 1030 610 1097 vetus,
629 1031 698 1105 quo
711 1009 881 1083 accusante
894 1011 1092 1103 Chritilium,

139 1111 270 1186 Sisenna
285 1113 484 1206 defendens,
512 1117 617 1203 dixit,
641 1119 802 1214 quaedam
820 1119 891 1194 eius
902 1122 1089 1215 spaniaco

73 1239 117 1319 75
140 1223 205 1296 effe
226 1224 373 1297 crimina.
420 1226 510 1300 Tum
534 1224 574 1298 C.
599 1225 739 1316 Rufius,
765 1229 1017 1319 circumvenior,
1041 1230 1090 1303 in·

137 1330 226 1428 quit,
250 1334 367 1403 iudices
375 1383 389 1418 ,
401 1330 467 1428 tufi
474 1331 664 1422 subvenitis.
712 1332 847 1425 Sisenna
863 1338 973 1431 ,quid
991 1339 1092 1425 deas,

137 1438 263 1530 nescio:
300 1462 399 1509 metuo
431 1437 574 1536 irtszdt'as.
606 1439 809 1535 sputatilica‚
840 1444 923 1536 quid
945 1444 989 1545 ss
1009 1445 1090 1519 doc?

138 1538 233 1638 sputa
258 1542 399 1642 quidfir
415 1543 514 1639 seio,
548 1543 638 1619 tilica
662 1546 774 1639 neseio.
821 1546 967 1620 Maximi
993 1546 1089 1621 tisme

137 1649 194 1725 sed
214 1652 267 1733 illu
290 1671 401 1728 tamen
426 1653 594 1731 moliaris
619 1680 712 1731 meus
736 1657 825 1731 redte
844 1657 941 1756 loqui
963 1658 1088 1757 putabat

70 1772 116 1827 ²⁶1
135 1762 200 1835 effe
236 1765 382 1847 inufitate
405 1766 509 1866 loqui.
557 1766 677 1841 Caesar
718 1788 829 1842 autem
851 1767 1021 1842 rationem
1036 1769 1088 1843 ad·

137 1874 253 1953 hibent
284 1933 297 1970 ‚
337 1880 608 1970 consuetudinem
639 1880 793 1956 vitiosam
839 1901 874 1954 et
907 1895 1091 1976 corruptam

18 2058 23 2077 ,
135 2008 219 2084 pura
238 2006 273 2061 et
289 1988 482 2090 incorrupta
508 1990 742 2067 consuetudine
768 1990 933 2063 emendat.
965 1990 1089 2087 utaque

136 2121 214 2172 cum
231 2102 274 2175 ad
287 2103 370 2179 hanc
383 2106 578 2204 elegantiam
589 2105 769 2183 verborum
782 2103 964 2179 latinottun
979 2103 1088 2203 (quat,

135 2212 260 2287 etiamst
284 2241 397 2293 orator
418 2246 488 2294 non
509 2220 571 2312 fis,
610 2244 643 2295 et
671 2218 711 2293 fis
731 2220 891 2316 ingenuus
915 2217 1001 2292 civis
1022 2218 1087 2291 Ro·

136 2350 268 2420 manus,
295 2320 407 2405 tamen
425 2331 601 2405 neceffatia
618 2328 689 2429 est)
709 2328 855 2426 adiungit
873 2327 929 2400 illa
947 2328 1087 2401 oratoria
1127 2354 1129 2361 ·

135 2461 329 2517 ornamenta
351 2441 504 2528 diccndi;
538 2464 608 2514 tum
631 2439 762 2514 videtur
787 2455 944 2535 tanquam
971 2435 1089 2513 tabulas
1127 2446 1129 2525 ἶ

132 2561 217 2635 bene
243 2563 343 2657 pietas
369 2556 538 2630 collocare
560 2553 710 2627 inbono
736 2549 868 2623 lumine.
903 2551 992 2625 hanc
1017 2574 1086 2636 curn

131 2670 249 2742 habeat
268 2667 490 2765 praecipuam
520 2665 654 2737 laudem
671 2663 707 2735 in
736 2660 993 2751 communibus,
1020 2683 1086 2733 non

130 2775 232 2849 video
269 2776 323 2850 cui
355 2775 473 2847 debeat
508 2772 636 2843 cedere.
668 2767 870 2876 ¹splendidam
896 2767 1083 2863 quandam,

130 2887 331 2984 minimeque
363 2882 598 2959 veteratoriam
632 2880 794 2952 tationem
824 2877 958 2949 dicendi
985 2895 1084 2966 tenet,
1127 2892 1129 2965 ξ

114 2994 238 3093 uoce,
253 3024 379 3092 motu,
405 3000 515 3073 forma
540 2997 639 3068 etiam
666 2989 839 3092 magnifica
858 3013 893 3065 et
921 2989 1078 3089 generosa

63 3113 110 3165 ²⁶²
128 3112 391 3206 quodammodo.
449 3108 539 3181 Tum
563 3104 700 3191 Brutus,
740 3099 920 3173 Orationes
952 3100 1085 3198 quidem

127 3221 197 3293 eius
222 3223 304 3295 mihi
332 3224 546 3296 vehementer
569 3216 753 3312 probantur
770 3239 778 3285 ι
795 3211 990 3308 complures
1029 3236 1084 3284 au-
1125 3206 1129 3235 ⁴

127 3345 197 3401 tem
234 3330 309 3427 legi.
357 3335 465 3431 Atque
506 3330 606 3402 etiarn
640 3322 899 3400 commentarios
924 3325 1084 3420 quosdam

127 3437 252 3537 scripsrt
284 3463 395 3512 retum
432 3442 571 3514 suarum.
608 3436 705 3511 valde
734 3433 895 3533 quidem,
933 3431 1087 3539 inquam,

127 3555 327 3650 probandos.
342 3556 420 3627 nudi
434 3557 522 3628 enim
537 3541 633 3642 sum,
648 3551 748 3636 recti,
769 3566 802 3620 et
819 3544 951 3621 venusti
964 3601 977 3637 ,
997 3545 1083 3619 omni

126 3684 245 3735 ornatu
259 3662 436 3749 orationis,
462 3681 619 3760 tanquam
640 3655 748 3746 veste,
763 3655 922 3728 detracto.
934 3655 996 3729 sed
1009 3657 1084 3730 dum

124 3764 235 3838 votuit
258 3769 340 3840 alios
369 3766 646 3863 haberepatata,
686 3762 775 3837 unde
803 3759 1004 3854 sumerent»
1030 3782 1085 3864 Ψ

63 3964 274 4032 Ὲ“Α’
