2304 4304
419 284 728 400 anoton
968 286 1038 382 3&

78 448 147 522 sed
168 447 210 521 ad
240 447 384 545 Calvum
414 443 471 546 (is
500 446 590 519 enim
621 445 719 517 nobis
743 465 813 517 erat
834 446 1037 546 propositio)
1059 453 1103 525 82

80 578 307 634 revertamur:
324 559 381 657 qui
396 583 510 632 orator
524 556 646 646 stillet,
660 582 736 629 cum
750 556 851 628 literis
863 557 1041 648 erudi1ior,
1058 579 1105 643 283

79 694 185 768 quam
197 669 317 755 Curi0,
328 686 399 751 tum
413 670 511 740 etiam
531 666 712 740 accuratius
725 664 894 763 quoddam
912 667 1043 741 dicendi

79 776 313 877 etexquifitius
325 775 480 851 afferebat
494 802 614 875 genus:
632 775 724 872 quod
735 799 933 871 quamquam
947 776 1044 850 scien·
1076 768 1079 772 ¹

81 905 136 962 ter
167 887 392 987 eleganterque
421 886 597 972 trauahat,
631 885 768 959 nimium
798 902 908 957 tamen
934 888 1045 986 inqui-

85 1021 162 1072 rens
180 997 216 1071 in
236 998 285 1084 se,
308 1016 405 1095 atque
422 996 488 1094 ipse
509 996 574 1070 sese
600 995 803 1081 observans,
832 1000 1046 1097 metuensque

85 1129 130 1177 ne
159 1105 321 1182 vitiosum
354 1104 522 1202 colligeret
533 1158 546 1191 ,
583 1104 683 1175 etiam
714 1127 832 1175 verum
859 1104 1055 1202 sanguinem.

86 1211 297 1312 deperdebat.
347 1219 462 1312 Itaque
483 1215 553 1287 eius
574 1214 683 1285 oratio
698 1211 798 1284 nimia
820 1212 978 1312 religione
999 1233 1047 1288 at·

86 1344 241 1413 tenuata,
267 1325 371 1398 douis
388 1342 421 1397 et
440 1341 561 1396 attente
581 1323 787 1395 audientibus
802 1342 873 1394 etat
896 1324 1046 1398 illustris:

87 1462 108 1509 a
126 1434 335 1506 multitudine
355 1456 483 1522 autem,
508 1452 541 1504 et
562 1431 692 1522 afor0,
717 1434 770 1504 cui
789 1449 864 1505 nata
886 1433 1047 1533 eloquen·
1072 1452 1107 1533 (J

90 1542 137 1615 tia
154 1538 223 1628 est,
246 1540 480 1613 devorabatur.

139 1644 231 1719 Tum
245 1643 383 1730 Brutus,
407 1644 555 1715 Atticum
574 1640 624 1733 se,
649 1640 779 1739 inquit,
801 1641 925 1720 Calvus
938 1645 1048 1725 n'oster
1067 1661 1115 1725 28⁴

89 1752 157 1825 dici
196 1773 363 1827 oratorem
403 1752 548 1825 volebat.
584 1749 661 1825 inde
703 1772 773 1826 erat
805 1751 863 1823 ista
898 1755 1053 1849 exilitas,

90 1889 194 1988 quam
217 1861 271 1936 ille
307 1862 346 1934 de
377 1859 537 1935 industria
563 1862 834 1961 consequebatur.
882 1864 1078 1991 Dicebat,

89 1971 253 2072 inquam,
281 1969 350 2045 ita.
391 1963 446 2043 led
465 1991 499 2043 et
525 1968 592 2066 ipse
614 1973 761 2062 errabat,
790 1991 824 2045 et
847 1970 929 2047 alios
950 1977 1050 2050 etiam

92 2107 205 2157 errare
225 2080 374 2179 cogebat.
423 2081 510 2154 Nam
529 2080 555 2154 fi
576 2080 649 2182 quis
672 2108 751 2174 eos,
775 2085 835 2181 qui
856 2111 920 2157 nec
939 2086 1051 2182 inepte
1128 2096 1143 2166 J

93 2196 232 2286 dicunt,
263 2218 325 2268 nec
347 2193 486 2285 odiose,
511 2221 572 2268 nec
594 2195 728 2292 putide,
752 2196 862 2269 Attice
885 2213 978 2294 putat
1000 2199 1052 2270 di-

93 2327 200 2388 cete;
233 2301 388 2391 istene,
425 2301 484 2374 nist
517 2302 684 2390 Atticino,
723 2304 843 2399 probat
874 2304 1051 2380 neminem.

93 2408 304 2487 Insulfitatem
316 2411 406 2484 enim
424 2428 457 2483 et
468 2411 691 2502 insolentiam,
714 2434 873 2510 tanquam
895 2412 1052 2488 insaniam
1115 2405 1117 2411 ¹

93 2518 260 2617 quandam
287 2517 467 2606 orationis,
493 2520 587 2605 odit;
613 2520 783 2593 sanitatem
808 2540 917 2592 autem
943 2525 977 2593 et
1002 2523 1053 2607 in·

93 2624 307 2726 tegritatem,
332 2625 421 2727 quali
443 2627 637 2728 religionem
659 2646 693 2702 et
717 2632 1053 2722 vetectt'ndiam'ota-

94 2740 201 2831 toris,
227 2741 357 2837 probat.
407 2741 497 2814 Haec
517 2743 669 2815 omnium
690 2736 788 2819 debet
809 2767 983 2826 oratorum
996 2773 1055 2822 ea·

95 2852 178 2924 dem
199 2849 262 2924 elle
280 2850 446 2925 sententia.
494 2852 551 2924 Sin
576 2875 685 2926 autem
711 2845 930 2948 ieiunitatem,
957 2857 1057 2942 erfic-
1074 2868 1119 2938 285

96 2962 253 3053 citatem,
278 2984 313 3036 et
335 2964 503 3061 inopiam,
537 2963 723 3041 dummodo
753 2967 792 3042 fit
820 2969 944 3065 polita,
976 2970 1059 3043 dum
1124 2998 1127 3003 ·

97 3071 247 3178 urbana,
285 3071 363 3144 dum
397 3071 546 3169 elegans,
586 3074 622 3146 in
655 3077 769 3150 Attico
799 3100 919 3172 genere
944 3076 1039 3172 ponit
1046 3103 1060 3164 ;

98 3183 171 3258 hoc
192 3185 277 3256 rede
306 3183 476 3254 duntaxat:
513 3180 570 3254 sed
594 3181 673 3280 quia
705 3181 781 3254 stmt·
798 3180 973 3254 in’Atticis
998 3180 1061 3256 alia

49 3328 61 3349 ·
101 3291 262 3378 meliora,
291 3289 418 3376 videat,
443 3313 482 3360 ne
501 3291 634 3386 ignoret
651 3306 686 3360 et
707 3287 845 3384 gradus,
868 3306 902 3362 et
922 3289 1061 3364 didimi·

100 3394 272 3497 litudines,
299 3414 331 3469 et
348 3395 437 3482 vim,
464 3412 497 3467 et
516 3394 710 3468 varietatem
730 3393 927 3472 Atticorum.
976 3393 1061 3472 A'tti-

103 3533 188 3599 cos,
224 3502 354 3605 inquit,
391 3504 478 3580 volo
503 3502 635 3578 imitari.
668 3503 777 3603 quos?
816 3531 878 3581 nec
904 3510 992 3581 enim
1014 3507 1063 3583 est

102 3642 210 3690 unum
228 3639 339 3715 genus.
388 3615 475 3686 Nam
496 3609 644 3710 quidest
669 3628 737 3684 tam
759 3611 925 3702 diffimile,
962 3640 1063 3712 quam

104 3716 350 3862 Demosthenes
362 3744 396 3802 et
408 3722 547 3824 Lyfiasi.
566 3748 667 3825 quam
682 3724 1066 3899 idemhegllyperidesi.

856 3848 876 3895 2
