2302 4304
380 285 704 398 ttssssttxtr.
826 343 828 348 .
952 300 1098 383 207'

58 449 183 549 quibus
197 447 324 544 semper
334 446 475 519 utamur.
514 449 640 556 Rerum
656 445 817 518 memoria
830 416 964 542 propria
975 445 1023 519 est

61 558 230 629 oratoris:
257 581 330 627 eam
351 556 480 653 s1ngtilis
499 556 646 652 personis
672 557 756 628 bene
776 553 889 651 posrtis
907 579 1023 630 notare

60 667 257 763 possumus,
282 683 320 737 ut
332 665 503 737 sententias
518 666 736 763 imaginibus,
772 663 923 737 ordinem
940 669 1023 738 locis

61 775 392 871 comprehendamus
443 777 560 873 Neque
578 804 697 850 verum
720 778 785 866 esl,
811 780 905 875 quod
918 780 959 851 ab
973 781 1024 851 in-
1040 788 1088 856 3⁶0

60 886 190 960 ertibus
217 886 357 977 dicitiu,
378 890 524 985 opprimi
537 891 732 963 memoriam
747 892 927 989 imaginum
936 916 1023 988 pon-

63 994 171 1083 dere,
195 1011 228 1066 et
248 995 414 1067 obscuram
427 997 526 1068 etiam
546 998 608 1089 id,
649 1000 742 1097 quod
769 1025 829 1096 per
853 999 886 1071 se
911 1017 1025 1072 natura

64 1127 178 1177 tenere
200 1106 365 1202 pontisset.
415 1107 495 1181 Vidi
519 1109 606 1180 enim
622 1134 684 1207 ego
698 1110 843 1185 summos
855 1110 1025 1200 homines,

63 1236 101 1284 et
129 1214 240 1287 divina
274 1217 591 1313 prope-memoria,
618 1219 753 1292 Athenis
783 1219 1025 1306 Charmadam

64 1317 104 1389 in
127 1318 227 1410 Asia,
248 1345 348 1418 quem
362 1323 478 1400 vivere
497 1324 598 1396 hodie
621 1326 737 1417 aiunt,
763 1327 930 1425 Scepsium
951 1332 1025 1401 Me·

64 1432 267 1521 trodonun3
288 1459 431 1533 quorum
444 1454 581 1536 uterque
599 1457 754 1535 tanquam
770 1438 871 1510 literis
883 1440 917 1510 in
937 1463 1024 1528 cera,

62 1543 112 1615 sic
128 1543 162 1616 se
182 1542 286 1616 aiebat
320 1544 516 1644 imaginibus
539 1549 575 1620 in
595 1548 634 1623 iis
651 1551 751 1640 locis,
774 1573 859 1646 quos
872 1549 1024 1637 haberer,
1088 1586 1094 1601 ·

61 1682 150 1753 quae
164 1657 349 1730 meminisse
359 1659 473 1750 vellet,
487 1660 696 1757 perscribere.
711 1693 713 1696 ’
726 1662 841 1753 Quare
853 1661 913 1733 hac
929 1685 1024 1731 exer-

63 1769 224 1841 citatione
255 1794 326 1840 non
360 1770 503 1842 eruenda
524 1771 687 1841 memoria
717 1769 762 1840 esl
773 1824 787 1861 ,
829 1768 917 1840 srest
938 1769 1026 1840 nulla

63 1877 239 1949 naturalis:
263 1878 320 1951 sed
333 1900 446 1971 certe,
470 1879 495 1950 si
510 1880 610 1968 latet,
635 1878 805 1953 evocanda
824 1876 880 1951 est.

114 1985 253 2058 Habetis
272 1984 457 2060 sermonem
484 1988 566 2060 bene
589 1990 725 2086 longum
749 1988 917 2075 hominiS,
956 1986 1023 2060 uti-
1042 2004 1088 2072 361.

66 2123 144 2168 nam
163 2120 235 2167 non
248 2096 446 2192 impudentis
459 2125 469 2169 ε
494 2098 574 2170 illud
587 2100 722 2195 quidem
736 2118 824 2170 certe
841 2122 911 2168 non
926 2098 1024 2168 nimis

63 2211 250 2283 verecundi
261 2237 278 2306 3-
298 2212 357 2308 qui
380 2213 538 2309 quidem,
568 2236 641 2286 trun
659 2232 713 2302 te,
736 2211 870 2299 Catule,
896 2228 968 2280 tum
986 2231 1023 2278 e-

65 2324 146 2394 tiam
170 2325 207 2394 L.
232 2320 348 2392 Crasso
374 2325 555 2419 audiente,
588 2326 629 2395 de
655 2323 787 2395 dicendi
802 2322 932 2392 ratione
957 2336 1023 2390 tam

67 2426 169 2506 multa
183 2433 333 2507 dixerim.
357 2461 435 2509 nam
449 2434 587 2506 istorum
597 2455 684 2505 aetas
703 2433 810 2504 minus
824 2453 877 2501 me
891 2427 1025 2500 sortasse

66 2556 210 2618 movere
222 2545 345 2639 debuit.
369 2547 425 2620 sed
439 2545 520 2616 mihi
532 2543 704 2642 ignoscetis
722 2539 892 2638 profesio,
915 2533 1023 2610 srmo-

67 2656 139 2747 do,
164 2681 249 2753 quae
266 2658 359 2740 causa
369 2682 423 2728 me
438 2656 478 2726 ad
494 2656 577 2727 hanc
607 2653 767 2726 insolitam
799 2650 881 2722 mihi
908 2649 1024 2747 loqua-

67 2768 201 2839 citatem
214 2767 404 2862 impulerit,
431 2767 632 2863 acceperitis.
681 2766 753 2836 Nos
779 2787 887 2854 vero,
914 2763 1023 2861 inquit
1044 2768 1090 2865 8'9

66 2873 223 2963 Catulus,
249 2873 389 2972 (etenim
409 2899 537 2970 prome
554 2874 639 2962 hoc,
674 2889 715 2944 et·
730 2897 794 2968 pro
816 2883 895 2944 meo
922 2871 1022 2945 fratre
1042 2892 1089 2956 362

67 2981 301 3080 responde0,)
323 3010 393 3055 non
414 2982 519 3054 modo
530 2981 590 3054 tibi
607 2981 821 3079 ignoscimus,
843 2981 897 3052 sed
918 3005 950 3052 te
972 2982 1022 3051 di-

65 3088 225 3184 ligimus,
249 3115 466 3189 magnamque
480 3090 540 3162 tibi
553 3090 710 3166 habemus
721 3090 874 3186 gratiam:
894 3107 927 3160 et
946 3115 1023 3162 cum

67 3197 303 3270 humanitatem
324 3217 358 3270 et
382 3199 572 3271 facilitatem
581 3199 785 3296 agnoscimus
805 3214 926 3287 tuam
950 3216 1022 3272 tum
1129 3208 1132 3214 ’

68 3307 270 3381 admiramur
292 3306 384 3381 istam
407 3309 594 3397 scientiam,
619 3331 652 3379 et
669 3308 809 3403 copiam.
859 3301 1021 3404 Equidem

67 3416 167 3488 etiam
187 3418 254 3490 hoc
281 3445 335 3492 me
352 3421 528 3492 assecutum
550 3440 659 3514 put0,
696 3417 789 3515 quod
811 3442 933 3517 magno
950 3420 1021 3494 sum
1082 3478 1084 3485 ,

69 3525 195 3600 levatus
216 3552 354 3626 errore,
379 3551 412 3601 et
428 3529 480 3599 illa
500 3527 715 3621 admiratione
728 3526 901 3615 liberatus,
928 3524 1021 3621 quod

71 3637 274 3731 multiscum
290 3640 358 3712 aliis
378 3640 504 3736 semper
516 3637 667 3709 admirari
679 3636 846 3726 solebam,
873 3632 960 3706 unde
972 3632 1021 3704 es-

15 3852 17 3857 ,
71 3744 117 3819 set
134 3746 187 3820 itta
211 3764 299 3825 tanta
320 3766 377 3823 tua
397 3749 434 3822 in
459 3747 561 3823 causis
586 3746 849 3969 fflvmitasjee
875 3742 964 3816 enim
986 3759 1021 3818 te
