2302 4304
244 317 783 411 ῬοΕΜΑΤυΜ.
981 293 1107 418 ,η’

94 469 148 560 Αι
168 459 285 549 validis
303 505 417 571 aequor
432 481 571 591 pulstrbit
592 483 712 551 viribus
734 483 866 581 Atestcr

97 589 129 655 T
126 616 181 657 unt
187 589 299 677 fixum
314 596 439 663 tremulo
457 594 611 685 quatietur
619 594 739 687 frigore
760 619 879 685 corpus.

70 703 160 768 Sed
177 723 280 769 tarnen
299 704 381 774 anni
402 704 468 772 iarn
485 706 635 773 labuntur
653 726 784 794 ternpore
802 726 886 792 toto,
977 726 980 732 ·
1053 742 1064 759 .

92 816 159 882 Nec
180 841 229 884 cut
224 813 402 911 signorum
420 793 535 885 cedunt
540 842 664 908 ,neque
672 815 817 912 flamina
839 816 960 904 vitant,
997 837 1044 906 70

89 924 157 991 Nec
172 946 312 992 metuunt
334 932 430 993 canos
452 925 626 993 minitanti
641 951 792 996 murmure
803 924 933 1020 fluilus.

90 1034 197 1121 Atque
218 1033 312 1100 etiam
322 1033 438 1124 supero
459 1058 537 1101 nare
532 1033 721 1126 pelagoque
740 1053 856 1131 rogato

88 1138 217 1229 Mense,
242 1142 470 1232 Sagittipotens
483 1140 568 1247 fitis
589 1166 659 1208 curn
669 1137 801 1236 stuflt'net
818 1140 925 1209 orbern

90 1251 214 1321 Naue
201 1276 267 1318 tarn
286 1276 354 1319 curn
376 1252 482 1349 ocinus
504 1250 617 1342 exiguo
639 1253 697 1316 lux
717 1254 845 1337 ternpore
856 1227 973 1346 praesto
985 1248 1041 1348 est,

86 1355 158 1423 Hoc
158 1352 288 1450 fignurn
309 1358 436 1426 ueniens
451 1377 596 1447 poterunt
607 1354 799 1446 praenoscere
807 1376 943 1426 nautae
993 1377 1050 1454 75·

86 1463 159 1530 Iane
172 1489 266 1553 prope
280 1464 446 1555 praecipiti
470 1487 542 1534 ante
557 1465 665 1534 'licebit
681 1463 773 1555 risere
794 1467 895 1558 noeti,
991 1492 993 1496 ⁴

86 1574 134 1638 Ut
149 1570 213 1662 sese
235 1572 388 1671 ostendens
409 1570 530 1667 emergit
551 1575 701 1665 Scorpius
719 1578 799 1661 alte,
1057 1565 1060 1572 ¹

47 1679 49 1683 ¹
86 1684 251 1781 Posteriorc
272 1685 396 1754 troitens
410 1683 538 1779 flexum
560 1685 595 1753 vi
616 1684 751 1784 corporis
772 1696 897 1753 arcum:
923 1744 927 1751 .

85 1791 158 1862 larn
167 1792 267 1884 sttpra
287 1807 386 1866 cernes
406 1792 501 1864 Arati
518 1815 611 1885 caput
631 1789 683 1889 ff
702 1793 856 1877 -rninoris,

83 1902 134 1968 Et
150 1904 251 1995 magis
266 1900 390 1970 ercc‘lune
411 1904 457 1969 ad
466 1899 627 1991 sttrnrnunt
645 1899 791 1990 uerfierier
808 1902 917 1974 orbern.
991 1899 1038 1976 80
1062 1897 1081 1984 ‚⁴

61 1988 77 2049 Ἰ
89 2010 171 2077 Turn
180 2011 244 2102 sese
259 2013 374 2083 ‘Orien
390 2033 454 2082 toto
473 2012 540 2081 iarn
562 2037 682 2104 corpore
703 2013 821 2082 condit

84 2119 238 2187 Extrema
252 2144 347 2211 prope
364 2117 469 2216 nocte,
490 2113 523 2188 fr
544 2119 675 2210 Cepheus
695 2111 842 2191 conditur
860 2143 955 2214 ante,
1030 2160 1037 2169 ·

85 2230 273 2313 Lumborum
293 2256 381 2302 tenus
398 2260 420 2303 a
430 2235 538 2325 prima
555 2233 697 2328 depulstts¹
711 2237 761 2302 ad-
776 2235 889 2302 undaS.
952 2273 953 2276 ¹

83 2340 151 2408 Hic
171 2341 288 2442 ntiffore
301 2372 419 2416 vacans
424 2345 586 2438 fulgens
573 2367 651 2414 tacet
671 2370 737 2413 una
745 2344 889 2438 figura,
960 2390 963 2395 -

83 2451 192 2542 Quaen
204 2450 330 2564 propter
349 2457 452 2525 nitens
412 2481 572 2546 nspertna
586 2457 780 2537 convolvitur
799 2455 901 2523 Ales:
988 2451 1030 2550 85

81 2567 130 2636 Et
147 2567 266 2637 elinata
282 2571 386 2664 magis
401 2573 501 2663 parth
523 2570 685 2670 tflAquel
682 2568 755 2638 onis
776 2570 822 2636 ad
832 2593 936 2660 aurat.
1016 2654 1018 2659 ,

82 2679 135 2744 At
144 2703 269 2770 propter
278 2681 314 2774 se
329 2683 453 2774 Aquila
469 2684 590 2755 ardenti
607 2708 676 2753 cnut
697 2706 815 2772 corpore
827 2702 935 2770 portat
962 2770 965 2777 ,

79 2787 256 2881 Igniserurn
278 2796 413 2863 aeulcens
434 2794 638 2864 tremebundis
661 2791 780 2860 aethera
796 2793 936 2882 pennis,

79 2895 274 2981 Non‘npnis
292 2899 419 2991 ingenti.
433 2925 501 2968 curn
517 2925 656 2991 corpore,
675 2896 736 2988 sed
746 2922 839 2994 graue
861 2896 980 2996 moestis

81 2999 226 3099 Ostendit
244 3003 355 3072 nautis
367 3003 551 3094 perturbans
573 3030 705 3096 aequora
710 3001 849 3099 fignurn.
907 3070 909 3074 ,
982 3024 1029 3099 90

82 3111 164 3180 Turn
182 3115 293 3206 magni
310 3139 422 3185 currus
439 3116 625 3206 Capricorni
646 3142 771 3204 corpora
785 3135 911 3205 propter
978 3199 980 3204 Ι

76 3223 260 3313 Delphinus
281 3225 359 3295 iacet
380 3226 467 3308 haud
479 3227 581 3294 nirnio
601 3223 740 3323 lustratu'
758 3225 878 3309 nitore,
904 3211 905 3215 Ἰ

39 3332 46 3343 “
77 3331 206 3400 Praeter
226 3334 556 3434 quodneplicesstellas
583 3334 619 3402 in
636 3333 744 3424 fronte
761 3338 895 3426 locatas,

76 3435 169 3527 Quas
188 3441 390 3537 interuallunt
409 3444 502 3519 binas
522 3442 713 3542 disterminat
731 3472 839 3515 unum.

76 3547 184 3615 Cetera
203 3576 283 3647 pars
300 3554 382 3621 laeta
399 3552 486 3622 tenui
507 3576 578 3620 cunr
596 3552 713 3626 lumine
723 3552 832 3645 serpit
976 3573 1020 3650 95
1126 3564 1128 3568 ’

70 3654 165 3722 Ilurc-
161 3681 252 3750 quac
263 3656 392 3761 sussent
405 3662 486 3730 luces
501 3684 542 3727 ex
561 3684 609 3729 ort
626 3658 770 3750 corusco,

71 3764 193 3836 Sunt
180 3787 260 3841 inter
271 3791 377 3863 panes
395 3770 517 3869 gelidas
544 3761 718 3912 Aquilonis
744 3760 901 3867 uentae,
959 3752 974 3790 ⁵
1040 3786 1047 3794 '

980 3931 1097 4081 joa
