2302 4304
343 307 569 380 aratu
617 308 697 384 ur.
875 285 880 364 ἰ
936 336 1009 415 22,

50 488 186 557 murram
204 464 377 563 ,vituuum
402 469 590 565 expertibus
602 468 631 539 si
645 469 775 542 dicendi
799 472 931 572 copiam
942 493 1008 548 tra·

53 574 253 660 uiderimus,
276 599 346 646 non
368 594 431 648 eos
451 576 586 673 quidem
610 596 760 650 oratores
778 578 981 655 effecerimus
996 614 1029 674 ,-

33 679 101 752 -sed
126 681 317 756 furentibus
343 685 503 780 quaedam
536 709 626 756 arma
651 685 846 759 dederimus.
890 690 1009 780 Hanc,
1030 714 1069 798 ις

54 786 184 884 iuquam
198 841 209 875 ,
223 790 391 889 cogitandi
412 793 716 892 prommtiandique
730 797 907 884 rationem,
919 798 1009 871 vim-
1028 818 1058 883 56

55 920 111 991 que
147 898 306 988 dicendi,
338 917 467 972 veteres
496 902 618 973 Graeci
643 901 832 996 sapientiam
857 906 1012 977 nomina·
1042 938 1049 966 ν

56 1004 135 1078 bant.
167 1008 257 1080 Hinc
281 1007 328 1079 illi
352 1010 525 1107 Lycurgi,
545 1009 623 1080 hinc
641 1008 783 1097 Pittaci,
809 1008 888 1081 hinc
913 1008 1016 1081 Solo·¹

57 1139 132 1204 nes,
155 1135 254 1212 atque
281 1116 323 1188 ab
349 1117 410 1188 bac
431 1117 642 1190 similitudine
667 1117 870 1190 Coruncanii
889 1117 1013 1206 nostri,

59 1225 216 1315 fabricii,
240 1228 422 1318 Catones,
448 1230 618 1326 Scipiones
651 1229 808 1319 suerunt,
842 1253 913 1302 non
943 1248 1011 1303 tam

58 1330 189 1423 sortasse
203 1335 314 1423 dotti,
339 1338 395 1410 sed
411 1338 537 1434 impetu
562 1338 682 1410 mentis
708 1337 804 1410 timui
827 1357 862 1411 et
878 1338 1013 1417 ,volun-

58 1463 130 1517 tate.
163 1449 286 1520 Eadem
305 1469 420 1524 autem·
437 1450 492 1523 alii
509 1451 700 1548 prudentia,
725 1451 780 1524 sed
808 1451 947 1524 consilio
972 1452 1014 1525 ad

58 1557 141 1629 vitae
163 1557 269 1631 studia
293 1562 436 1660 dispari,
463 1563 609 1661 quietem
637 1584 735 1660 atque
759 1563 866 1636 otium
892 1554 1015 1655 secuti,
1063 1657 1066 1661 ὓ

10 1670 14 1741 7
57 1688 89 1741 ut
116 1672 347 1773 Pythagoras,
370 1677 613 1767 Democritus,
636 1680 873 1776 Anaxagoras,
908 1703 927 1749 a
961 1703 1014 1750 re·

55 1780 167 1873 gendis
191 1781 380 1857 civitatibus
407 1804 499 1858 totos
526 1786 560 1856 se
586 1785 628 1856 ad
657 1787 884 1884 cognitionem
904 1810 1017 1861 rerum

55 1877 317 1967 trarutu'lerunt:
344 1924 427 1996 quae
457 1901 528 1973 vita
553 1917 690 1998 propter
716 1901 1011 2000 tranquillitatem,

53 2017 84 2070 et
115 2019 257 2098 propter
290 2006 387 2104 ipsius
412 2008 564 2082 scientiae
581 2008 810 2102 suavitatem,
835 2034 899 2111 qua
925 2012 1018 2112 nihil·
1054 2063 1055 2066 ,

54 2107 98 2179 est
124 2111 318 2187 bominibus
337 2115 535 2208 iucundius,
556 2117 692 2214 plures,
718 2143 818 2214 quam
843 2118 922 2189 utile
950 2117 1014 2192 fuit

53 2221 151 2293 rebus
173 2223 335 2318 publicis,
359 2227 543 2301 deleilavit.
597 2231 733 2324 Itaque,
775 2249 813 2298 ut
852 2226 883 2298 ei
907 2226 1016 2298 studio
1036 2250 1068 2306 57*

53 2329 85 2401 se
110 2333 388 2408 excellentissimis
410 2337 549 2435 ingeniis
566 2337 718 2407 homines
737 2321 952 2424 dediderunt,
965 2344 1017 2406 'ex

56 2463 91 2510 ea
112 2439 239 2512 summa
259 2441 411 2516 facultate
430 2442 529 2518 vacui
548 2466 586 2512 ac
605 2441 701 2511 liberi
714 2440 893 2536 temporiS,
908 2441 1017 2514 multo

53 2554 173 2648 plura,
192 2579 293 2653 quam
314 2577 384 2626 erat
397 2553 524 2635 necesse
538 2607 550 2642 ,
564 2549 740 2624 dostisfimi
751 2550 904 2624 homines
917 2552 1017 2642 ‚otio
1097 2627 1100 2634 ,

55 2661 164 2734 nimio
185 2679 220 2734 et
244 2663 382 2762 ingeniis
404 2662 579 2736 uberrimis
598 2662 787 2749 affluentes,
808 2661 947 2733 cenanda
959 2660 1020 2740 srbi
1042 2680 1044 2685 '

56 2774 142 2863 elle,
156 2799 195 2847 ac
219 2779 422 2872 quaerenda,
439 2796 472 2847 et
485 2771 708 2871 investiganda
731 2771 904 2847 duxerunt.
931 2775 1021 2874 Nam
1080 2832 1082 2838 .

57 2908 153 2958 vetus
175 2887 312 2984 quidem
330 2887 383 2958 illa
400 2888 567 2975 dotlrina,
596 2884 711 2957 eadem
731 2883 863 2958 videtur
876 2902 910 2954 et
930 2882 1021 2953 retis
1092 2895 1095 2902 ·
1119 2924 1122 2931 =

59 2998 200 3070 faciendi
215 3050 227 3086 ,
240 3014 274 3068 et
288 2997 371 3068 bene
386 2994 515 3069 dicendi
536 2991 687 3092 magistra
701 3017 712 3077 ;
741 3015 848 3087 neque
858 3031 860 3035 Δ
871 2987 1021 3061 (Ιίΐιιιηᾶἱ

57 3109 228 3196 doctores,
248 3106 418 3195 sed-iidem
427 3125 519 3179 eraut
531 3101 671 3181 vivendi
680 3108 907 3201 praeceptores
922 3115 1021 3209 atque

57 3219 212 3293 dicendi:
235 3235 274 3290 ut
302 3218 357 3290 ille
383 3218 470 3314 apud
496 3218 683 3290 Homerum
709 3209 885 3296 Phoenix,
908 3209 965 3315 qui
989 3208 1022 3280 se
1114 3292 1124 3315 Γ

56 3329 199 3401 aPeleo
226 3348 318 3422 patre
344 3325 465 3398 Achilli
487 3322 601 3396 iuveni
628 3318 789 3392 comitem
819 3314 883 3389 esse
909 3317 1022 3388 datum
1105 3311 1112 3368 f

57 3439 140 3512 dicit
162 3439 205 3510 ad
230 3435 352 3509 bellum
366 3444 438 3524 ,ut
459 3431 565 3528 illum¹
579 3431 723 3503 efficeret
750 3431 899 3502 oratorem
919 3431 1022 3500 verbo·
1061 3523 1063 3526 y

53 3539 148 3634 ἡαπ,
170 3548 358 3639 αῖῗονιπιᾳιιι
381 3571 488 3615 rerum.
533 3541 598 3614 sed
613 3558 651 3610 ut
667 3534 819 3610 homines
840 3536 953 3607 labore
968 3530 1023 3610 as·
1042 3549 1089 3636 ςῐ.Ι
1114 3628 1116 3631 ¹

54 3659 153 3730 srduo
173 3674 207 3729 et
228 3654 425 3754 quotidiano
450 3651 584 3740 assueti,
611 3674 689 3722 cum
710 3643 910 3744 tempestatis
930 3639 1023 3727 causa
1079 3659 1108 3706 J

47 3792 165 3864 *opere
192 3764 444 3863 prohibentur,
461 3760 522 3882 'ad'
542 3758 642 3857 pilam
673 3757 731 3843 se,
764 3751 887 3945 agt3ad
912 3748 994 3821 talos
1010 3797 1044 3837 ,„
1078 3837 1079 3840 Ἴ
