<?xml version="1.0" encoding="UTF-8"?>
<!DOCTYPE html PUBLIC "-//W3C//DTD XHTML 1.0 Transitional//EN"
    "http://www.w3.org/TR/xhtml1/DTD/xhtml1-transitional.dtd">
<html xmlns="http://www.w3.org/1999/xhtml" xml:lang="en" lang="en">
 <head>
  <title>
</title>
<meta http-equiv="Content-Type" content="text/html;charset=utf-8" />
  <meta name='ocr-system' content='tesseract 3.04.00' />
  <meta name='ocr-capabilities' content='ocr_page ocr_carea ocr_par ocr_line ocrx_word'/>
</head>
<body>
  <div class='ocr_page' id='page_1' title='image "./mtulliiciceroni00plutgoog_0340.png"; bbox 0 0 2302 4304; ppageno 0'>
   <div class='ocr_carea' id='block_1_1' title="bbox 286 263 1019 419">
    <p class='ocr_par' dir='ltr' id='par_1_1' title="bbox 286 263 1019 419">
     <span class='ocr_line' id='line_1_1' title="bbox 286 263 1019 419; baseline 0.012 -35"><span class='ocrx_word' id='word_1_1' title='bbox 286 304 693 419; x_wconf 13' lang='lat' dir='ltr'><strong>‘&#39;BRUTUS</strong></span> <span class='ocrx_word' id='word_1_2' title='bbox 821 263 826 270; x_wconf 89' lang='lat'><strong>·</strong></span> <span class='ocrx_word' id='word_1_3' title='bbox 915 347 1019 419; x_wconf 36' lang='grc' dir='ltr'>ΑΒ</span> 
     </span>
    </p>
   </div>
   <div class='ocr_carea' id='block_1_2' title="bbox 55 473 1092 802">
    <p class='ocr_par' dir='ltr' id='par_1_2' title="bbox 55 473 1092 802">
     <span class='ocr_line' id='line_1_2' title="bbox 55 473 1019 574; baseline 0.011 -27"><span class='ocrx_word' id='word_1_4' title='bbox 55 475 142 574; x_wconf 91' lang='lat' dir='ltr'>quin</span> <span class='ocrx_word' id='word_1_5' title='bbox 164 473 261 550; x_wconf 89' lang='lat' dir='ltr'>etiam</span> <span class='ocrx_word' id='word_1_6' title='bbox 276 476 545 573; x_wconf 83' lang='lat' dir='ltr'>comprehensio,</span> <span class='ocrx_word' id='word_1_7' title='bbox 569 495 602 550; x_wconf 92' lang='lat' dir='ltr'>et</span> <span class='ocrx_word' id='word_1_8' title='bbox 614 479 753 552; x_wconf 81' lang='lat' dir='ltr'><strong>ambitus</strong></span> <span class='ocrx_word' id='word_1_9' title='bbox 769 479 822 552; x_wconf 87' lang='lat' dir='ltr'>ille</span> <span class='ocrx_word' id='word_1_10' title='bbox 835 483 1019 558; x_wconf 85' lang='lat' dir='ltr'>verborum</span> 
     </span>
     <span class='ocr_line' id='line_1_3' title="bbox 57 583 1085 686; baseline 0.01 -31"><span class='ocrx_word' id='word_1_11' title='bbox 57 585 115 685; x_wconf 85' lang='lat' dir='ltr'>(fi</span> <span class='ocrx_word' id='word_1_12' title='bbox 133 583 180 656; x_wconf 85' lang='lat' dir='ltr'>sic</span> <span class='ocrx_word' id='word_1_13' title='bbox 196 584 374 679; x_wconf 86' lang='lat' dir='ltr'>periodum</span> <span class='ocrx_word' id='word_1_14' title='bbox 396 587 550 683; x_wconf 89' lang='lat' dir='ltr'>appellari</span> <span class='ocrx_word' id='word_1_15' title='bbox 571 587 705 686; x_wconf 88' lang='lat' dir='ltr'>placet)</span> <span class='ocrx_word' id='word_1_16' title='bbox 737 607 807 661; x_wconf 88' lang='lat' dir='ltr'>erat</span> <span class='ocrx_word' id='word_1_17' title='bbox 825 593 911 686; x_wconf 89' lang='lat' dir='ltr'>apud</span> <span class='ocrx_word' id='word_1_18' title='bbox 927 592 1020 666; x_wconf 91' lang='lat' dir='ltr'>illum</span> <span class='ocrx_word' id='word_1_19' title='bbox 1069 657 1085 673; x_wconf 72' lang='grc'>,,</span> 
     </span>
     <span class='ocr_line' id='line_1_4' title="bbox 59 694 1092 802; baseline 0.009 -33"><span class='ocrx_word' id='word_1_20' title='bbox 59 694 249 770; x_wconf 74' lang='lat' dir='ltr'>contradus</span> <span class='ocrx_word' id='word_1_21' title='bbox 270 711 303 766; x_wconf 89' lang='lat' dir='ltr'>et</span> <span class='ocrx_word' id='word_1_22' title='bbox 319 695 452 770; x_wconf 89' lang='lat' dir='ltr'>brevis:</span> <span class='ocrx_word' id='word_1_23' title='bbox 478 697 563 769; x_wconf 87' lang='lat' dir='ltr'>etin</span> <span class='ocrx_word' id='word_1_24' title='bbox 584 698 732 770; x_wconf 87' lang='lat' dir='ltr'>membra</span> <span class='ocrx_word' id='word_1_25' title='bbox 745 701 922 798; x_wconf 83' lang='lat' dir='ltr'>quaedam,</span> <span class='ocrx_word' id='word_1_26' title='bbox 936 729 1020 802; x_wconf 85' lang='lat' dir='ltr'>quae</span> <span class='ocrx_word' id='word_1_27' title='bbox 1090 764 1092 767; x_wconf 87' lang='lat'>.</span> 
     </span>
    </p>
   </div>
   <div class='ocr_carea' id='block_1_3' title="bbox 52 800 1134 3775">
    <p class='ocr_par' dir='ltr' id='par_1_3' title="bbox 52 800 1134 3537">
     <span class='ocr_line' id='line_1_5' title="bbox 61 800 1019 901; baseline 0.004 -26"><span class='ocrx_word' id='word_1_28' title='bbox 61 834 144 875; x_wconf 72' lang='lat' dir='ltr'>aona</span> <span class='ocrx_word' id='word_1_29' title='bbox 166 801 286 873; x_wconf 87' lang='lat' dir='ltr'>Graeci</span> <span class='ocrx_word' id='word_1_30' title='bbox 306 819 451 893; x_wconf 88' lang='lat' dir='ltr'>vocant,</span> <span class='ocrx_word' id='word_1_31' title='bbox 477 802 686 901; x_wconf 69' lang='lat' dir='ltr'>dispertiebat</span> <span class='ocrx_word' id='word_1_32' title='bbox 703 807 890 878; x_wconf 86' lang='lat' dir='ltr'>orationem</span> <span class='ocrx_word' id='word_1_33' title='bbox 904 800 1019 879; x_wconf 87' lang='lat' dir='ltr'>luben-</span> 
     </span>
     <span class='ocr_line' id='line_1_6' title="bbox 60 912 1084 1014; baseline 0.002 -30"><span class='ocrx_word' id='word_1_34' title='bbox 60 912 133 986; x_wconf 86' lang='lat' dir='ltr'><strong>tius.</strong></span> <span class='ocrx_word' id='word_1_35' title='bbox 185 915 262 985; x_wconf 89' lang='lat' dir='ltr'>Hoc</span> <span class='ocrx_word' id='word_1_36' title='bbox 288 913 365 986; x_wconf 92' lang='lat' dir='ltr'>loco</span> <span class='ocrx_word' id='word_1_37' title='bbox 393 915 539 1004; x_wconf 83' lang='lat' dir='ltr'>Brutus,</span> <span class='ocrx_word' id='word_1_38' title='bbox 576 916 860 1014; x_wconf 82' lang='lat' dir='ltr'>Quandoquidem</span> <span class='ocrx_word' id='word_1_39' title='bbox 880 940 916 990; x_wconf 91' lang='lat' dir='ltr'>tu</span> <span class='ocrx_word' id='word_1_40' title='bbox 941 917 1084 1005; x_wconf 74' lang='lat' dir='ltr'>istos163</span> 
     </span>
     <span class='ocr_line' id='line_1_7' title="bbox 63 1023 1020 1122; baseline -0.001 -26"><span class='ocrx_word' id='word_1_41' title='bbox 63 1042 231 1111; x_wconf 89' lang='lat' dir='ltr'>oratores,</span> <span class='ocrx_word' id='word_1_42' title='bbox 257 1025 383 1122; x_wconf 72' lang='lat' dir='ltr'>iuquit,</span> <span class='ocrx_word' id='word_1_43' title='bbox 407 1042 578 1120; x_wconf 80' lang='lat' dir='ltr'>tantopere</span> <span class='ocrx_word' id='word_1_44' title='bbox 602 1024 878 1110; x_wconf 82' lang='lat' dir='ltr'>laudas3‘vellem</span> <span class='ocrx_word' id='word_1_45' title='bbox 896 1023 1020 1120; x_wconf 81' lang='lat' dir='ltr'>aliquid</span> 
     </span>
     <span class='ocr_line' id='line_1_8' title="bbox 62 1133 1020 1232; baseline -0.002 -26"><span class='ocrx_word' id='word_1_46' title='bbox 62 1135 240 1225; x_wconf 79' lang='lat' dir='ltr'>Antonio,</span> <span class='ocrx_word' id='word_1_47' title='bbox 273 1153 402 1232; x_wconf 85' lang='lat' dir='ltr'>praeter</span> <span class='ocrx_word' id='word_1_48' title='bbox 431 1135 521 1206; x_wconf 88' lang='lat' dir='ltr'>illum</span> <span class='ocrx_word' id='word_1_49' title='bbox 556 1135 596 1207; x_wconf 96' lang='lat' dir='ltr'>de</span> <span class='ocrx_word' id='word_1_50' title='bbox 627 1134 758 1207; x_wconf 86' lang='lat' dir='ltr'>ratione</span> <span class='ocrx_word' id='word_1_51' title='bbox 784 1133 915 1206; x_wconf 91' lang='lat' dir='ltr'>dicendi</span> <span class='ocrx_word' id='word_1_52' title='bbox 945 1133 1020 1205; x_wconf 87' lang='lat' dir='ltr'>sane</span> 
     </span>
     <span class='ocr_line' id='line_1_9' title="bbox 61 1246 1114 1344; baseline -0.001 -25"><span class='ocrx_word' id='word_1_53' title='bbox 61 1248 181 1337; x_wconf 87' lang='lat' dir='ltr'>exilem</span> <span class='ocrx_word' id='word_1_54' title='bbox 212 1248 387 1337; x_wconf 86' lang='lat' dir='ltr'>libellum,</span> <span class='ocrx_word' id='word_1_55' title='bbox 425 1250 519 1344; x_wconf 88' lang='lat' dir='ltr'>plura</span> <span class='ocrx_word' id='word_1_56' title='bbox 549 1247 668 1320; x_wconf 80' lang='lat' dir='ltr'>Crasso</span> <span class='ocrx_word' id='word_1_57' title='bbox 695 1247 836 1320; x_wconf 80' lang='lat' dir='ltr'>libuisset</span> <span class='ocrx_word' id='word_1_58' title='bbox 866 1246 1019 1320; x_wconf 88' lang='lat' dir='ltr'>scribere.</span> <span class='ocrx_word' id='word_1_59' title='bbox 1109 1279 1114 1295; x_wconf 48' lang='grc' dir='ltr'>ι</span> 
     </span>
     <span class='ocr_line' id='line_1_10' title="bbox 62 1354 1020 1449; baseline 0.001 -19"><span class='ocrx_word' id='word_1_60' title='bbox 62 1354 417 1431; x_wconf 79' lang='lat' dir='ltr'>cum&#39;enim&#39;omnibus</span> <span class='ocrx_word' id='word_1_61' title='bbox 434 1359 630 1431; x_wconf 88' lang='lat' dir='ltr'>memoriam</span> <span class='ocrx_word' id='word_1_62' title='bbox 643 1359 708 1449; x_wconf 91' lang='lat' dir='ltr'>sui,</span> <span class='ocrx_word' id='word_1_63' title='bbox 733 1380 804 1433; x_wconf 90' lang='lat' dir='ltr'>tum</span> <span class='ocrx_word' id='word_1_64' title='bbox 816 1358 1020 1463; x_wconf 84' lang='lat' dir='ltr'>etiam-disci·</span> 
     </span>
     <span class='ocr_line' id='line_1_11' title="bbox 61 1448 1019 1568; baseline 0.004 -29"><span class='ocrx_word' id='word_1_65' title='bbox 61 1468 185 1563; x_wconf 89' lang='lat' dir='ltr'>plinam</span> <span class='ocrx_word' id='word_1_66' title='bbox 206 1468 352 1553; x_wconf 89' lang='lat' dir='ltr'>dicendi,</span> <span class='ocrx_word' id='word_1_67' title='bbox 373 1468 469 1542; x_wconf 88' lang='lat' dir='ltr'>nobis</span> <span class='ocrx_word' id='word_1_68' title='bbox 488 1469 725 1568; x_wconf 76' lang='lat' dir='ltr'>reliquissent.</span> <span class='ocrx_word' id='word_1_69' title='bbox 744 1473 831 1542; x_wconf 88' lang='lat' dir='ltr'>Nam</span> <span class='ocrx_word' id='word_1_70' title='bbox 839 1448 1019 1546; x_wconf 80' lang='lat' dir='ltr'>Scaevolae</span> 
     </span>
     <span class='ocr_line' id='line_1_12' title="bbox 61 1576 1084 1704; baseline 0.003 -58"><span class='ocrx_word' id='word_1_71' title='bbox 61 1576 194 1647; x_wconf 90' lang='lat' dir='ltr'>dicendi</span> <span class='ocrx_word' id='word_1_72' title='bbox 218 1576 411 1673; x_wconf 84' lang='lat' dir='ltr'>elegantiam</span> <span class='ocrx_word' id='word_1_73' title='bbox 433 1577 505 1648; x_wconf 90' lang='lat' dir='ltr'>satis</span> <span class='ocrx_word' id='word_1_74' title='bbox 529 1577 632 1649; x_wconf 85' lang='lat' dir='ltr'>exiis</span> <span class='ocrx_word' id='word_1_75' title='bbox 666 1577 901 1667; x_wconf 87' lang='lat' dir='ltr'>orationibus,</span> <span class='ocrx_word' id='word_1_76' title='bbox 938 1604 1084 1704; x_wconf 77' lang='lat' dir='ltr'>quas</span> 
     </span>
     <span class='ocr_line' id='line_1_13' title="bbox 60 1684 1082 1787; baseline 0.001 -32"><span class='ocrx_word' id='word_1_77' title='bbox 60 1685 214 1782; x_wconf 86' lang='lat' dir='ltr'>reliquit,</span> <span class='ocrx_word' id='word_1_78' title='bbox 252 1684 408 1756; x_wconf 88' lang='lat' dir='ltr'>habemus</span> <span class='ocrx_word' id='word_1_79' title='bbox 426 1686 604 1782; x_wconf 84' lang='lat' dir='ltr'>cognitam.</span> <span class='ocrx_word' id='word_1_80' title='bbox 653 1691 695 1759; x_wconf 86' lang='lat' dir='ltr'>Et</span> <span class='ocrx_word' id='word_1_81' title='bbox 717 1713 801 1787; x_wconf 87' lang='lat' dir='ltr'>ego,</span> <span class='ocrx_word' id='word_1_82' title='bbox 836 1689 922 1760; x_wconf 94' lang='lat' dir='ltr'>Mihi</span> <span class='ocrx_word' id='word_1_83' title='bbox 944 1690 1019 1786; x_wconf 89' lang='lat' dir='ltr'>qui-</span> <span class='ocrx_word' id='word_1_84' title='bbox 1038 1707 1082 1771; x_wconf 65' lang='grc' dir='ltr'>ιιι</span> 
     </span>
     <span class='ocr_line' id='line_1_14' title="bbox 59 1791 1090 1922; baseline 0.007 -58"><span class='ocrx_word' id='word_1_85' title='bbox 59 1793 178 1864; x_wconf 85' lang='lat' dir='ltr'>dema</span> <span class='ocrx_word' id='word_1_86' title='bbox 207 1791 344 1889; x_wconf 86' lang='lat' dir='ltr'>pueritia</span> <span class='ocrx_word' id='word_1_87' title='bbox 371 1794 459 1890; x_wconf 80' lang='lat' dir='ltr'>quasi</span> <span class='ocrx_word' id='word_1_88' title='bbox 485 1795 637 1922; x_wconf 89' lang='lat' dir='ltr'>magistra</span> <span class='ocrx_word' id='word_1_89' title='bbox 673 1797 758 1888; x_wconf 82' lang='lat' dir='ltr'>sitit,</span> <span class='ocrx_word' id='word_1_90' title='bbox 783 1799 940 1896; x_wconf 90' lang='lat' dir='ltr'>inquam,</span> <span class='ocrx_word' id='word_1_91' title='bbox 965 1797 1019 1870; x_wconf 86' lang='lat' dir='ltr'>illa</span> <span class='ocrx_word' id='word_1_92' title='bbox 1088 1835 1090 1838; x_wconf 96' lang='lat'>·</span> 
     </span>
     <span class='ocr_line' id='line_1_15' title="bbox 58 1899 1020 2004; baseline 0.012 -34"><span class='ocrx_word' id='word_1_93' title='bbox 58 1899 94 1970; x_wconf 90' lang='lat' dir='ltr'>in</span> <span class='ocrx_word' id='word_1_94' title='bbox 122 1899 232 1997; x_wconf 88' lang='lat' dir='ltr'>legem</span> <span class='ocrx_word' id='word_1_95' title='bbox 258 1901 436 1998; x_wconf 86' lang='lat' dir='ltr'>Caepionis</span> <span class='ocrx_word' id='word_1_96' title='bbox 466 1905 599 1977; x_wconf 88' lang='lat' dir='ltr'>oratio:</span> <span class='ocrx_word' id='word_1_97' title='bbox 625 1906 660 1978; x_wconf 91' lang='lat' dir='ltr'>in</span> <span class='ocrx_word' id='word_1_98' title='bbox 690 1932 755 2004; x_wconf 89' lang='lat' dir='ltr'>qua</span> <span class='ocrx_word' id='word_1_99' title='bbox 784 1924 816 1978; x_wconf 89' lang='lat' dir='ltr'>et</span> <span class='ocrx_word' id='word_1_100' title='bbox 843 1906 1020 1982; x_wconf 74' lang='lat' dir='ltr'>audoritas</span> 
     </span>
     <span class='ocr_line' id='line_1_16' title="bbox 59 2011 1019 2111; baseline 0.006 -27"><span class='ocrx_word' id='word_1_101' title='bbox 59 2015 198 2085; x_wconf 74' lang='lat' dir='ltr'>Ornatur</span> <span class='ocrx_word' id='word_1_102' title='bbox 219 2011 366 2102; x_wconf 89' lang='lat' dir='ltr'>senatus,</span> <span class='ocrx_word' id='word_1_103' title='bbox 389 2039 457 2110; x_wconf 92' lang='lat' dir='ltr'>quo</span> <span class='ocrx_word' id='word_1_104' title='bbox 480 2041 543 2111; x_wconf 94' lang='lat' dir='ltr'>pro</span> <span class='ocrx_word' id='word_1_105' title='bbox 566 2018 685 2089; x_wconf 90' lang='lat' dir='ltr'>ordine</span> <span class='ocrx_word' id='word_1_106' title='bbox 701 2017 754 2089; x_wconf 92' lang='lat' dir='ltr'>illa</span> <span class='ocrx_word' id='word_1_107' title='bbox 777 2017 953 2103; x_wconf 82' lang='lat' dir='ltr'>dicunnu3</span> <span class='ocrx_word' id='word_1_108' title='bbox 985 2042 1019 2090; x_wconf 87' lang='lat' dir='ltr'>et</span> 
     </span>
     <span class='ocr_line' id='line_1_17' title="bbox 58 2120 1019 2198; baseline 0.006 -6"><span class='ocrx_word' id='word_1_109' title='bbox 58 2120 186 2193; x_wconf 87' lang='lat' dir='ltr'>invidia</span> <span class='ocrx_word' id='word_1_110' title='bbox 219 2121 404 2194; x_wconf 87' lang='lat' dir='ltr'>concitatur</span> <span class='ocrx_word' id='word_1_111' title='bbox 423 2123 456 2194; x_wconf 89' lang='lat' dir='ltr'>in</span> <span class='ocrx_word' id='word_1_112' title='bbox 483 2125 632 2198; x_wconf 90' lang='lat' dir='ltr'>iudicum</span> <span class='ocrx_word' id='word_1_113' title='bbox 667 2147 700 2198; x_wconf 88' lang='lat' dir='ltr'>et</span> <span class='ocrx_word' id='word_1_114' title='bbox 731 2127 777 2197; x_wconf 88' lang='lat' dir='ltr'>in</span> <span class='ocrx_word' id='word_1_115' title='bbox 792 2127 1019 2198; x_wconf 86' lang='lat' dir='ltr'>accusatorum</span> 
     </span>
     <span class='ocr_line' id='line_1_18' title="bbox 58 2229 1019 2332; baseline 0.006 -32"><span class='ocrx_word' id='word_1_116' title='bbox 58 2229 259 2322; x_wconf 72' lang='lat' dir='ltr'>fadionem,</span> <span class='ocrx_word' id='word_1_117' title='bbox 298 2250 412 2305; x_wconf 85' lang='lat' dir='ltr'>contra</span> <span class='ocrx_word' id='word_1_118' title='bbox 445 2259 588 2331; x_wconf 91' lang='lat' dir='ltr'>quorum</span> <span class='ocrx_word' id='word_1_119' title='bbox 611 2235 794 2332; x_wconf 89' lang='lat' dir='ltr'>potentiam</span> <span class='ocrx_word' id='word_1_120' title='bbox 815 2235 1019 2332; x_wconf 68' lang='lat' dir='ltr'>populariter</span> 
     </span>
     <span class='ocr_line' id='line_1_19' title="bbox 58 2340 1019 2438; baseline 0 -27"><span class='ocrx_word' id='word_1_121' title='bbox 58 2362 131 2411; x_wconf 83' lang='lat' dir='ltr'>tum</span> <span class='ocrx_word' id='word_1_122' title='bbox 153 2340 327 2414; x_wconf 86' lang='lat' dir='ltr'>dicendum</span> <span class='ocrx_word' id='word_1_123' title='bbox 344 2341 415 2414; x_wconf 88' lang='lat' dir='ltr'>suit.</span> <span class='ocrx_word' id='word_1_124' title='bbox 435 2342 538 2414; x_wconf 91' lang='lat' dir='ltr'>multa</span> <span class='ocrx_word' id='word_1_125' title='bbox 560 2344 595 2414; x_wconf 91' lang='lat' dir='ltr'>in</span> <span class='ocrx_word' id='word_1_126' title='bbox 616 2343 669 2413; x_wconf 88' lang='lat' dir='ltr'>illa</span> <span class='ocrx_word' id='word_1_127' title='bbox 689 2343 841 2413; x_wconf 90' lang='lat' dir='ltr'>oratione</span> <span class='ocrx_word' id='word_1_128' title='bbox 861 2342 1019 2438; x_wconf 86' lang='lat' dir='ltr'>graviter,</span> 
     </span>
     <span class='ocr_line' id='line_1_20' title="bbox 58 2449 1060 2548; baseline -0.001 -25"><span class='ocrx_word' id='word_1_129' title='bbox 58 2451 163 2524; x_wconf 89' lang='lat' dir='ltr'>multa</span> <span class='ocrx_word' id='word_1_130' title='bbox 192 2451 329 2542; x_wconf 88' lang='lat' dir='ltr'>leniter,</span> <span class='ocrx_word' id='word_1_131' title='bbox 354 2452 456 2523; x_wconf 89' lang='lat' dir='ltr'>multa</span> <span class='ocrx_word' id='word_1_132' title='bbox 486 2451 628 2548; x_wconf 83' lang='lat' dir='ltr'>aspere,</span> <span class='ocrx_word' id='word_1_133' title='bbox 665 2453 767 2522; x_wconf 87' lang='lat' dir='ltr'>multa</span> <span class='ocrx_word' id='word_1_134' title='bbox 799 2449 1019 2522; x_wconf 73' lang='lat' dir='ltr'>facete&#39;dicla</span> <span class='ocrx_word' id='word_1_135' title='bbox 1059 2497 1060 2500; x_wconf 59' lang='lat'><em>=</em></span> 
     </span>
     <span class='ocr_line' id='line_1_21' title="bbox 57 2557 1134 2657; baseline 0.001 -25"><span class='ocrx_word' id='word_1_136' title='bbox 57 2561 149 2632; x_wconf 90' lang='lat' dir='ltr'>sunt:</span> <span class='ocrx_word' id='word_1_137' title='bbox 177 2561 268 2656; x_wconf 89' lang='lat' dir='ltr'>plura</span> <span class='ocrx_word' id='word_1_138' title='bbox 290 2562 388 2632; x_wconf 90' lang='lat' dir='ltr'>etiarn</span> <span class='ocrx_word' id='word_1_139' title='bbox 422 2560 528 2647; x_wconf 75' lang='lat' dir='ltr'>diua,</span> <span class='ocrx_word' id='word_1_140' title='bbox 567 2585 667 2656; x_wconf 90' lang='lat' dir='ltr'>quam</span> <span class='ocrx_word' id='word_1_141' title='bbox 697 2557 833 2657; x_wconf 88' lang='lat' dir='ltr'>scripta,</span> <span class='ocrx_word' id='word_1_142' title='bbox 857 2560 950 2657; x_wconf 94' lang='lat' dir='ltr'>quod</span> <span class='ocrx_word' id='word_1_143' title='bbox 977 2585 1019 2633; x_wconf 87' lang='lat' dir='ltr'>ex</span> <span class='ocrx_word' id='word_1_144' title='bbox 1066 2605 1088 2626; x_wconf 17' lang='lat' dir='ltr'>*a</span> <span class='ocrx_word' id='word_1_145' title='bbox 1133 2645 1134 2648; x_wconf 8' lang='grc' dir='ltr'><strong>Ἴ</strong></span> 
     </span>
     <span class='ocr_line' id='line_1_22' title="bbox 55 2672 1018 2772; baseline 0 -27"><span class='ocrx_word' id='word_1_146' title='bbox 55 2675 255 2770; x_wconf 88' lang='lat' dir='ltr'>quibusdam</span> <span class='ocrx_word' id='word_1_147' title='bbox 277 2674 444 2772; x_wconf 66' lang='lat' dir='ltr'>capitibus⁴</span> <span class='ocrx_word' id='word_1_148' title='bbox 460 2672 613 2768; x_wconf 80' lang='lat' dir='ltr'>expositis</span> <span class='ocrx_word' id='word_1_149' title='bbox 631 2725 643 2763; x_wconf 90' lang='lat'>‚</span> <span class='ocrx_word' id='word_1_150' title='bbox 663 2698 724 2745; x_wconf 88' lang='lat' dir='ltr'>nec</span> <span class='ocrx_word' id='word_1_151' title='bbox 736 2673 938 2769; x_wconf 84' lang='lat' dir='ltr'>explicatis,</span> <span class='ocrx_word' id='word_1_152' title='bbox 963 2674 1018 2747; x_wconf 90' lang='lat' dir='ltr'>in·</span> 
     </span>
     <span class='ocr_line' id='line_1_23' title="bbox 56 2781 1018 2881; baseline -0.001 -25"><span class='ocrx_word' id='word_1_153' title='bbox 56 2783 159 2881; x_wconf 86' lang='lat' dir='ltr'>telligi</span> <span class='ocrx_word' id='word_1_154' title='bbox 183 2781 301 2879; x_wconf 85' lang='lat' dir='ltr'>potest.</span> <span class='ocrx_word' id='word_1_155' title='bbox 359 2783 429 2878; x_wconf 90' lang='lat' dir='ltr'>Ipsa</span> <span class='ocrx_word' id='word_1_156' title='bbox 456 2781 509 2853; x_wconf 89' lang='lat' dir='ltr'>illa</span> <span class='ocrx_word' id='word_1_157' title='bbox 534 2781 683 2854; x_wconf 87' lang='lat' dir='ltr'>censoria</span> <span class='ocrx_word' id='word_1_158' title='bbox 709 2800 825 2854; x_wconf 91' lang='lat' dir='ltr'>contra</span> <span class='ocrx_word' id='word_1_159' title='bbox 851 2784 913 2855; x_wconf 90' lang='lat' dir='ltr'>Cn.</span> <span class='ocrx_word' id='word_1_160' title='bbox 935 2783 1018 2865; x_wconf 85' lang='lat' dir='ltr'>Do-</span> 
     </span>
     <span class='ocr_line' id='line_1_24' title="bbox 53 2890 1018 2991; baseline 0 -27"><span class='ocrx_word' id='word_1_161' title='bbox 53 2892 188 2964; x_wconf 92' lang='lat' dir='ltr'>mitium</span> <span class='ocrx_word' id='word_1_162' title='bbox 217 2892 378 2989; x_wconf 86' lang='lat' dir='ltr'>collegam</span> <span class='ocrx_word' id='word_1_163' title='bbox 400 2891 534 2964; x_wconf 88' lang='lat' dir='ltr'>nonest</span> <span class='ocrx_word' id='word_1_164' title='bbox 557 2890 689 2981; x_wconf 88' lang='lat' dir='ltr'>orati0,</span> <span class='ocrx_word' id='word_1_165' title='bbox 721 2892 775 2965; x_wconf 92' lang='lat' dir='ltr'>sed</span> <span class='ocrx_word' id='word_1_166' title='bbox 797 2891 886 2991; x_wconf 82' lang='lat' dir='ltr'>quasi</span> <span class='ocrx_word' id='word_1_167' title='bbox 909 2894 1018 2989; x_wconf 87' lang='lat' dir='ltr'>capita</span> 
     </span>
     <span class='ocr_line' id='line_1_25' title="bbox 54 2991 1072 3100; baseline -0.002 -30"><span class='ocrx_word' id='word_1_168' title='bbox 54 3024 191 3084; x_wconf 80' lang='lat' dir='ltr'>renim,</span> <span class='ocrx_word' id='word_1_169' title='bbox 215 3001 247 3072; x_wconf 83' lang='lat' dir='ltr'>et</span> <span class='ocrx_word' id='word_1_170' title='bbox 265 2998 430 3070; x_wconf 87' lang='lat' dir='ltr'>orationis</span> <span class='ocrx_word' id='word_1_171' title='bbox 456 2997 732 3071; x_wconf 87' lang='lat' dir='ltr'>commentarium</span> <span class='ocrx_word' id='word_1_172' title='bbox 753 2998 853 3094; x_wconf 91' lang='lat' dir='ltr'>paulo</span> <span class='ocrx_word' id='word_1_173' title='bbox 878 2991 1028 3100; x_wconf 19' lang='lat' dir='ltr'>plenius..</span> <span class='ocrx_word' id='word_1_174' title='bbox 1071 3019 1072 3025; x_wconf 72' lang='grc'>’</span> 
     </span>
     <span class='ocr_line' id='line_1_26' title="bbox 55 3107 1134 3206; baseline -0.002 -24"><span class='ocrx_word' id='word_1_175' title='bbox 55 3111 145 3183; x_wconf 64' lang='lat' dir='ltr'>nuilla</span> <span class='ocrx_word' id='word_1_176' title='bbox 159 3110 206 3182; x_wconf 88' lang='lat' dir='ltr'>est</span> <span class='ocrx_word' id='word_1_177' title='bbox 228 3112 318 3183; x_wconf 89' lang='lat' dir='ltr'>enim</span> <span class='ocrx_word' id='word_1_178' title='bbox 339 3110 508 3184; x_wconf 88' lang='lat' dir='ltr'>altercatio</span> <span class='ocrx_word' id='word_1_179' title='bbox 531 3111 729 3183; x_wconf 89' lang='lat' dir='ltr'>clamoribus</span> <span class='ocrx_word' id='word_1_180' title='bbox 746 3134 890 3206; x_wconf 86' lang='lat' dir='ltr'>unquam</span> <span class='ocrx_word' id='word_1_181' title='bbox 905 3107 1030 3198; x_wconf 79' lang='lat' dir='ltr'>habita</span> <span class='ocrx_word' id='word_1_182' title='bbox 1130 3115 1134 3124; x_wconf 89' lang='lat'><em>&#39;</em></span> 
     </span>
     <span class='ocr_line' id='line_1_27' title="bbox 54 3218 1097 3314; baseline -0.001 -22"><span class='ocrx_word' id='word_1_183' title='bbox 54 3222 249 3297; x_wconf 88' lang='lat' dir='ltr'>maioribus.</span> <span class='ocrx_word' id='word_1_184' title='bbox 301 3225 344 3295; x_wconf 91' lang='lat' dir='ltr'>Et</span> <span class='ocrx_word' id='word_1_185' title='bbox 361 3246 445 3294; x_wconf 88' lang='lat' dir='ltr'>vero</span> <span class='ocrx_word' id='word_1_186' title='bbox 464 3220 526 3299; x_wconf 86' lang='lat' dir='ltr'>suit</span> <span class='ocrx_word' id='word_1_187' title='bbox 542 3223 576 3293; x_wconf 93' lang='lat' dir='ltr'>in</span> <span class='ocrx_word' id='word_1_188' title='bbox 596 3221 713 3294; x_wconf 83' lang='lat' dir='ltr'>hocet</span> <span class='ocrx_word' id='word_1_189' title='bbox 731 3219 896 3314; x_wconf 86' lang='lat' dir='ltr'>popularis</span> <span class='ocrx_word' id='word_1_190' title='bbox 913 3218 1019 3291; x_wconf 73' lang='lat' dir='ltr'>didio.</span> <span class='ocrx_word' id='word_1_191' title='bbox 1032 3231 1077 3299; x_wconf 73' lang='lat'>165</span> <span class='ocrx_word' id='word_1_192' title='bbox 1095 3298 1097 3302; x_wconf 11' lang='grc' dir='ltr'><em>Α</em></span> 
     </span>
     <span class='ocr_line' id='line_1_28' title="bbox 53 3327 1015 3428; baseline 0.002 -27"><span class='ocrx_word' id='word_1_193' title='bbox 53 3330 237 3404; x_wconf 89' lang='lat' dir='ltr'>excellens:</span> <span class='ocrx_word' id='word_1_194' title='bbox 262 3331 401 3405; x_wconf 72' lang='lat' dir='ltr'>Antonii</span> <span class='ocrx_word' id='word_1_195' title='bbox 425 3355 527 3428; x_wconf 87' lang='lat' dir='ltr'>genus</span> <span class='ocrx_word' id='word_1_196' title='bbox 551 3330 681 3402; x_wconf 90' lang='lat' dir='ltr'>dicendi</span> <span class='ocrx_word' id='word_1_197' title='bbox 702 3327 808 3401; x_wconf 90' lang='lat' dir='ltr'>multo</span> <span class='ocrx_word' id='word_1_198' title='bbox 835 3331 1015 3428; x_wconf 79' lang='lat' dir='ltr'>aptiusriu-</span> 
     </span>
     <span class='ocr_line' id='line_1_29' title="bbox 52 3441 977 3537; baseline -0.006 -23"><span class='ocrx_word' id='word_1_199' title='bbox 52 3442 175 3530; x_wconf 73' lang='lat' dir='ltr'>dictis,</span> <span class='ocrx_word' id='word_1_200' title='bbox 206 3467 305 3537; x_wconf 87' lang='lat' dir='ltr'>quam</span> <span class='ocrx_word' id='word_1_201' title='bbox 324 3441 551 3525; x_wconf 87' lang='lat' dir='ltr'>concionibus</span> <span class='ocrx_word' id='word_1_202' title='bbox 975 3504 977 3508; x_wconf 85' lang='lat'>.</span> 
     </span>
    </p>

    <p class='ocr_par' dir='ltr' id='par_1_4' title="bbox 53 3522 1098 3753">
     <span class='ocr_line' id='line_1_30' title="bbox 104 3522 1078 3647; baseline -0.005 -25"><span class='ocrx_word' id='word_1_203' title='bbox 104 3552 184 3624; x_wconf 90' lang='lat' dir='ltr'>Hoc</span> <span class='ocrx_word' id='word_1_204' title='bbox 209 3551 289 3623; x_wconf 91' lang='lat' dir='ltr'>loco</span> <span class='ocrx_word' id='word_1_205' title='bbox 314 3539 420 3646; x_wconf 79' lang='lat' dir='ltr'>ipsum</span> <span class='ocrx_word' id='word_1_206' title='bbox 445 3545 635 3619; x_wconf 90' lang='lat' dir='ltr'>Domitium</span> <span class='ocrx_word' id='word_1_207' title='bbox 662 3569 732 3618; x_wconf 91' lang='lat' dir='ltr'>non</span> <span class='ocrx_word' id='word_1_208' title='bbox 752 3522 914 3644; x_wconf 86' lang='lat' dir='ltr'>relinquo.</span> <span class='ocrx_word' id='word_1_209' title='bbox 939 3572 1014 3618; x_wconf 84' lang='lat' dir='ltr'>nam</span> <span class='ocrx_word' id='word_1_210' title='bbox 1028 3571 1078 3647; x_wconf 71' lang='lat'>45</span> 
     </span>
     <span class='ocr_line' id='line_1_31' title="bbox 53 3658 1016 3775; baseline -0.006 -42"><span class='ocrx_word' id='word_1_211' title='bbox 53 3661 111 3734; x_wconf 85' lang='lat' dir='ltr'>etsi</span> <span class='ocrx_word' id='word_1_212' title='bbox 134 3683 207 3733; x_wconf 89' lang='lat' dir='ltr'>non</span> <span class='ocrx_word' id='word_1_213' title='bbox 232 3658 322 3733; x_wconf 83' lang='lat' dir='ltr'>l&#39;uit</span> <span class='ocrx_word' id='word_1_214' title='bbox 313 3686 346 3732; x_wconf 89' lang='grc' dir='ltr'>ιιι</span> <span class='ocrx_word' id='word_1_215' title='bbox 366 3679 536 3733; x_wconf 87' lang='lat' dir='ltr'>oratorum</span> <span class='ocrx_word' id='word_1_216' title='bbox 560 3680 724 3745; x_wconf 77' lang='lat' dir='ltr'>numere,</span> <span class='ocrx_word' id='word_1_217' title='bbox 753 3676 863 3732; x_wconf 84' lang='lat' dir='ltr'>tamen</span> <span class='ocrx_word' id='word_1_218' title='bbox 896 3681 1016 3775; x_wconf 83' lang='lat' dir='ltr'>pon0,</span> 
     </span>
    </p>
   </div>
   <div class='ocr_carea' id='block_1_4' title="bbox 53 3761 1021 3970">
    <p class='ocr_par' dir='ltr' id='par_1_5' title="bbox 53 3761 1021 3963">
     <span class='ocr_line' id='line_1_32' title="bbox 53 3761 1021 3945; baseline -0.005 -97"><span class='ocrx_word' id='word_1_219' title='bbox 53 3775 159 3849; x_wconf 87' lang='lat' dir='ltr'>satis</span> <span class='ocrx_word' id='word_1_220' title='bbox 151 3803 187 3850; x_wconf 86' lang='grc' dir='ltr'>ιιι</span> <span class='ocrx_word' id='word_1_221' title='bbox 213 3801 254 3852; x_wconf 88' lang='lat' dir='ltr'>eo</span> <span class='ocrx_word' id='word_1_222' title='bbox 281 3774 374 3850; x_wconf 73' lang='lat' dir='ltr'>luisse</span> <span class='ocrx_word' id='word_1_223' title='bbox 407 3769 565 3908; x_wconf 77' lang='lat' dir='ltr'>orationis</span> <span class='ocrx_word' id='word_1_224' title='bbox 584 3791 680 3866; x_wconf 88' lang='lat' dir='ltr'>atque</span> <span class='ocrx_word' id='word_1_225' title='bbox 713 3769 861 3945; x_wconf 73' lang='lat' dir='ltr'>ingenii,</span> <span class='ocrx_word' id='word_1_226' title='bbox 889 3761 957 3867; x_wconf 80' lang='lat' dir='ltr'>quo</span> <span class='ocrx_word' id='word_1_227' title='bbox 983 3785 1021 3843; x_wconf 84' lang='lat' dir='ltr'>et</span> 
     </span>
     <span class='ocr_line' id='line_1_33' title="bbox 316 3893 829 3970; baseline -0.006 -4"><span class='ocrx_word' id='word_1_228' title='bbox 316 3918 318 3923; x_wconf 54' lang='lat'><strong>⁴</strong></span> <span class='ocrx_word' id='word_1_229' title='bbox 536 3910 538 3915; x_wconf 82' lang='lat'>·</span> <span class='ocrx_word' id='word_1_230' title='bbox 805 3893 829 3970; x_wconf 93' lang='lat'>4</span> 
     </span>
    </p>
   </div>
   <div class='ocr_carea' id='block_1_5' title="bbox 0 0 1156 4304">
    <p class='ocr_par' dir='ltr' id='par_1_6' title="bbox 0 0 1156 4304">
     <span class='ocr_line' id='line_1_34' title="bbox 0 0 1156 4304; baseline 0 1"><span class='ocrx_word' id='word_1_231' title='bbox 0 0 1156 4304; x_wconf 95' lang='lat' dir='ltr'> </span> 
     </span>
    </p>
   </div>
  </div>
 </body>
</html>
