2304 4304
185 195 202 239 s

252 244 256 257 '
377 251 601 363 LIBER
648 249 702 329 tr.
953 258 1017 330 161

55 414 120 492 lam
146 408 183 494 in
210 420 302 520 spem
331 442 518 508 veneram,
548 415 642 514 posse
661 441 715 490 me
731 414 855 515 aliquid
888 435 931 491 ex
954 414 1021 490 istit

55 526 190 600 discere.
208 527 332 603 inveni·
340 544 451 599 autem
474 527 612 599 ridicula
632 546 666 599 et
689 526 767 598 salsa
788 528 891 629 multa
912 530 1020 600 Grae-

56 660 199 708 corum:
223 662 301 708 nam
328 656 362 707 et
385 635 486 709 Siculi
508 636 544 707 in
570 650 614 709 eo
636 654 779 735 genere,
809 663 842 712 et
871 641 1021 730 Rhodii,

57 766 88 819 et
101 748 256 846 Byzantii
268 800 280 837 ,
292 770 327 820 er
333 768 463 844 praeter
471 766 602 822 ceteros
616 803 627 838 ,
650 750 753 822 Attici
767 752 930 825 excellunt
945 779 954 822 ε
968 753 1023 823 sed

12 850 14 881 ³
57 860 115 957 qui
135 862 205 935 eius
225 863 275 935 rei
301 864 464 936 rationem
492 863 658 961 quandam
681 863 793 935 conati
815 861 889 936 sunt
902 885 1024 936 ιιιιειιι-Ι

57 995 122 1068 que
144 973 302 1064 tradere,
330 964 374 1046 sic
395 972 504 1046 insulsr
527 973 740 1063 exstiterunt,
762 996 800 1047 ut
829 974 911 1046 nihil
937 975 1025 1047 aliud

58 1099 202 1169 eorum,
225 1079 286 1152 nist
309 1077 379 1176 ipsa
399 1077 579 1166 insulsitas,
600 1077 756 1150 rideatur.
807 1079 923 1172 Quare
941 1078 1024 1151 rnihi
1041 1077 1091 1138 nt

59 1187 148 1282 nullo
177 1188 312 1265 videtur
338 1189 443 1261 rnodo
470 1187 621 1260 doctrina
642 1185 700 1258 ista
727 1212 779 1261 res
806 1182 901 1284 posse
927 1189 1025 1264 tradit

60 1298 189 1381 Etenim
214 1325 290 1372 cum
317 1299 386 1372 duo
409 1322 532 1396 genera
554 1296 615 1368 sint
641 1297 863 1388 facetiarum,
884 1299 1025 1373 alterum

61 1409 273 1506 aequabiliter
291 1408 328 1480 in
352 1408 447 1482 omni
469 1406 620 1480 sermone
633 1406 769 1497 fusum,
793 1409 931 1482 alterum
945 1436 1024 1507 per-

55 1534 185 1588 acutum
209 1538 243 1588 et
261 1517 397 1589 brevez
436 1514 491 1586 illa
515 1539 534 1585 a
555 1513 723 1588 veteribus
749 1514 900 1611 superior
922 1521 1024 1589 cavit-

60 1635 165 1716 lario,
187 1627 269 1699 haec
288 1628 388 1701 altera
409 1630 561 1698 dicacitas
584 1628 756 1700 nominata
774 1626 830 1700 est.
854 1630 946 1701 Leve
964 1653 1025 1701 no·

58 1765 133 1812 men
161 1738 262 1811 habet
275 1757 412 1836 utraque
431 1738 507 1811 res?
534 1738 659 1835 quippe
673 1763 682 1808 t
696 1741 771 1813 leve
793 1741 883 1812 enirn
906 1738 955 1825 est
968 1760 1044 1832 ιο·Ι

60 1876 128 1925 tum
158 1852 248 1942 hoc,
273 1849 375 1923 risum
398 1875 546 1925 movere.
582 1848 900 1950 Verumtamen(ut
922 1852 1024 1942 dicis,
1041 1878 1090 1934 ιιι

60 1958 221 2058 Antoni)
248 1961 388 2033 multum
415 1959 575 2032 incautis
601 1958 755 2056 persaepe
772 1958 888 2055 lepore
911 1978 945 2032 et
970 1959 1024 2033 fa-

10 2118 12 2123 ·
60 2071 155 2145 cctiis
178 2067 299 2168 profici
320 2064 401 2143 uidi.
441 2069 505 2140 Sed
528 2087 604 2140 cunt
625 2065 662 2137 in
686 2066 744 2139 illo
760 2090 879 2164 genere
901 2091 1025 2163 perpe,-

60 2206 137 2255 tuae
164 2180 349 2255 festivitatis
369 2202 510 2253 aranon
538 2176 737 2250 desideretur
763 2203 772 2247 r
800 2193 916 2248 natura
935 2175 1027 2246 enirn

58 2291 158 2390 fingit
183 2290 337 2363 homines
354 2307 388 2361 et
401 2309 491 2361 creat
502 2285 687 2359 imitatores
706 2303 740 2356 et
767 2301 956 2354 narratores
970 2280 1025 2352 fa·

62 2421 178 2492 cetos,
200 2421 234 2475 et
262 2402 357 2475 vultu
377 2400 577 2484 adiuvante,
605 2419 638 2469 et
659 2419 770 2482 voce,
802 2411 836 2464 et
863 2392 939 2489 ipso
965 2419 1026 2491 ge·

63 2541 146 2587 nere
160 2513 351 2587 sermonisr
370 2534 442 2586 turn
458 2534 544 2585 vero
564 2509 600 2580 in
617 2509 684 2581 hoc
703 2508 807 2580 altero
825 2507 1026 2600 dicacitatis,

60 2627 146 2722 quid
157 2626 257 2698 habet
272 2650 324 2699 ars
335 2624 429 2715 loci
447 2648 525 2696 cum
548 2642 623 2692 ante
645 2617 724 2691 illud
745 2619 888 2693 facetum
902 2619 1027 2693 didium
1076 2667 1078 2671 -

61 2728 217 2803 emissum
243 2732 377 2805 haerere
405 2677 543 2818 debeat,
584 2746 684 2824 quam
716 2723 855 2824 cogitari
881 2723 1026 2833 potuisse

62 2842 248 2918 videatur?
281 2844 374 2937 Quid
382 2842 474 2923 enim
488 2840 544 2914 hic
567 2858 659 2917 meus
672 2836 776 2910 frater
789 2837 830 2909 ab
847 2855 916 2910 arte
930 2824 1025 2909 adiu
1041 2858 1089 2901 ιιι

62 2949 140 3025 vari
157 2949 297 3047 potuit,
318 2969 392 3033 curn
412 2974 431 3019 a
453 2945 630 3043 Philippo
622 2964 864 3041 interrogatus,
879 2943 960 3040 quid
977 2933 1026 3017 la-

60 3075 192 3149 trater,
223 3062 335 3131 Furem
343 3061 381 3153 s‘-
403 3063 501 3132 'ridere
528 3053 730 3150 respondit?
761 3050 881 3143 Quid
872 3077 907 3121 in
930 3051 1026 3127 omni

61 3164 218 3238 oratione
240 3157 374 3249 Crassur
386 3166 443 3238 vel
457 3163 544 3260 apud
557 3161 786 3245 centumviros
800 3160 1027 3232 contraScae·

60 3274 200 3365 volam,
221 3273 277 3346 vel
296 3293 418 3372 contra
436 3271 659 3353 accusatorem
686 3269 844 3356 Brutum,
872 3289 1027 3363 cumpro

60 3384 131 3458 Cn.
152 3384 276 3473 Planco
298 3380 452 3471 diceret?
481 3383 570 3452 Nam
594 3378 653 3468 id,
679 3377 772 3473 quod
797 3395 835 3449 tu
856 3375 944 3448 mihi
965 3377 1027 3446 tria

60 3491 163 3581 buis,
181 3491 331 3581 Antoni,
344 3488 464 3562 Craffo
487 3487 553 3578 est,
565 3486 722 3559 omnium
745 3484 902 3558 sententia
917 3533 929 3573 ,
942 3507 1027 3557 con·

61 3602 261 3677 cedendum.
291 3601 374 3675 Non
403 3599 492 3673 enirn
523 3598 592 3672 fere
624 3596 795 3696 quisquam
821 3593 1027 3696 reperietur,

62 3737 195 3812 praeter
222 3713 375 3808 hunc,
363 3739 399 3784 ιιι
429 3730 573 3810 utroque
607 3734 727 3823 genere
755 3708 879 3802 leporis
915 3702 1030 3789 excel·

120 3815 213 3884 Cicer.
241 3815 334 3906 Oprr.
361 3813 433 3884 Vol
462 3811 511 3880 ΙΙ.
807 3805 875 3881 J-
