2302 4304
129 287 197 384 nt
365 241 867 395 ononntoui

126 447 278 520 hodierni
305 448 370 519 diei
399 466 509 532 totum
538 447 680 519 oratoris
710 472 828 520 munus
850 446 1078 543 explicemus,

126 559 310 632 dummodo
338 558 392 630 illa
414 582 465 629 res
492 573 581 628 tanta
601 553 662 646 fit,
699 573 737 626 ut
755 555 911 627 omnibus
926 550 1077 652 philoso-

125 669 270 764 phorum
288 669 401 759 libris,
427 687 511 765 quos
529 689 629 738 nemo
651 681 822 737 oratorum
851 662 990 738 istorum
1014 690 1077 736 un-

62 802 106 857 22
125 803 223 876 quam
249 778 384 876 attigit,
417 773 652 871 comprehensa
679 774 744 846 effe
764 776 924 850 videatur.
987 777 1077 848 Tum

75 897 106 948 22
125 886 285 980 Catulus,
299 887 560 985 Haudquaquam
573 885 701 976 hercle,
714 886 841 984 inquit,
859 884 995 974 Crasse,
1014 887 1077 957 mi·—

125 997 263 1070 randum
280 996 342 1088 est,
365 997 430 1069 esse
449 998 483 1068 in
496 1014 661 1070 tetantam
689 996 818 1069 dicendi
831 997 887 1070 vel
902 996 998 1084 vim,
1022 995 1076 1070 vel

122 1106 337 1190 suavitatem,
367 1105 422 1178 vel
432 1104 587 1200 copiam3
608 1129 706 1202 quem
727 1104 859 1201 quidem
881 1087 1078 1181 anteaiiatu·

123 1242 160 1289 ra
182 1217 276 1288 rebar
289 1215 334 1287 ita
350 1215 475 1302 dicere,
501 1231 539 1285 ut
552 1211 635 1284 mihi
653 1234 721 1283 non
731 1204 835 1283 solum
850 1212 966 1283 orator
986 1212 1076 1284 sum⁴

118 1339 212 1414 mus,
236 1323 293 1396 sed
305 1323 403 1394 etiarn
415 1321 658 1418 sapientissimus
675 1321 780 1394 homo
793 1320 960 1396 viderere:
985 1344 1073 1394 nunc

55 1431 58 1435 ’
121 1435 298 1532 intelligo,
329 1434 383 1505 illa
416 1452 449 1506 te
484 1432 610 1528 semper
634 1434 732 1505 etiam
760 1432 892 1529 potiora
917 1432 1074 1525 duxisse,

120 1569 203 1642 quae
224 1545 265 1616 ad
277 1542 467 1642 sapientiam
483 1542 678 1637 spaslaient‚
692 1560 790 1638 atque
803 1565 845 1611 ex
863 1539 914 1613 his
924 1539 1013 1613 hanc
1025 1540 1078 1611 di-

120 1656 218 1729 cendi
238 1653 369 1753 copiam
400 1652 537 1725 fluxisse.
561 1701 568 1723 .
595 1638 658 1724 sed
687 1675 822 1740 tamen,
854 1677 932 1724 cum
952 1677 1080 1725 ,omnes

119 1772 239 1870 gradus
260 1769 370 1842 aetatis
383 1766 546 1841 recordor
565 1781 664 1850 tuae,
689 1789 830 1862 cumque
850 1763 956 1839 vitam
985 1781 1079 1835 tuam

120 1909 158 1955 ac
171 1882 272 1954 studia
286 1881 458 1953 confidero
473 1908 482 1951 ε
498 1903 628 1976 neque,
648 1903 716 1974 quo
733 1899 882 1972 tempore
909 1875 969 1947 ista
993 1876 1080 1964 didi-

64 2039 65 2044 =
122 1989 216 2077 ceris,
226 1989 405 2074 vide0‚nec
421 2011 618 2085 magnopere
627 2005 661 2058 te
669 1984 866 2071 istisstudiis,
876 1984 1080 2077 hominibus,

24 2161 26 2165 ,
120 2096 230 2185 libris,
250 2096 398 2194 intelligo
413 2098 568 2168 deditum.
608 2091 735 2192 'Neque
753 2117 862 2167 tamen
874 2093 1009 2190 possum
1019 2095 1081 2166 sta·

120 2226 236 2296 tuere,
261 2231 372 2279 utrum
387 2207 491 2303 magis
508 2206 633 2295 mirer,
658 2224 691 2277 te
704 2207 784 2296 illa,
809 2226 892 2303 quae
909 2204 993 2277 mihi
1003 2230 1080 2302 per-

120 2315 230 2389 suades
243 2319 385 2389 maxima
398 2315 460 2388 esse
486 2316 688 2406 adiumenta,
702 2315 841 2412 potuisse
858 2316 892 2386 in
904 2315 967 2386 tuis
980 2315 1079 2388 tantis

39 2452 67 2465 ²·
122 2426 395 2522 occupationibus
419 2424 626 2522 perdiscere3
652 2450 719 2515 an,
754 2425 779 2495 s1
810 2448 880 2496 non
904 2425 1078 2519 potueris,

70 2554 99 2620 33
121 2537 215 2632 posse
231 2537 293 2609 isto
314 2539 419 2609 modo
441 2538 560 2611 dicere.
618 2537 682 2609 Hic
708 2535 860 2625 Crassus,
884 2537 962 2607 Hoc
991 2535 1077 2621 tibi,

121 2647 246 2742 inquit,
271 2644 411 2737 Catule,
438 2651 582 2745 primum
595 2649 785 2747 persuadeas
797 2644 918 2736 velim,
942 2666 997 2717 me
1006 2655 1097 2719 non'

70 2759 88 2807 s
121 2754 226 2826 multo
244 2753 333 2826 secus
354 2754 485 2847 facere,
505 2784 583 2830 cum
610 2758 650 2830 de
671 2775 803 2829 oratore
828 2751 1008 2850 disputem,
1028 2775 1078 2827 -ac

121 2864 288 2954 facerem,
314 2864 339 2935 si
364 2864 441 2937 esset
461 2867 542 2938 mihi
565 2867 606 2938 de
621 2867 788 2953 ‘histrione
805 2864 989 2937 dicendum.
1007 2861 1091 2936 Ne«-

121 2999 236 3072 garem·
261 2973 375 3062 enim,
397 2975 488 3070 posse
514 2999 589 3046 eum
618 2975 803 3046 satisfacere
823 2973 857 3043 in
882 2971 993 3071 gestu,
1017 2972 1077 3047 nisi
1101 3023 1107 3033 ·

121 3078 334 3175 palaestram,
360 3081 417 3152 nisi
440 3080 553 3153 saltare
580 3079 761 3154 didicisset:
790 3095 913 3178 neque,
936 3106 974 3154 ea
997 3068 1076 3156 cum

121 3187 289 3274 dicerem,
325 3213 378 3260 me
410 3188 473 3260 esse
507 3184 700 3261 histrionem
734 3188 860 3260 necesse
892 3187 971 3261 esset
979 3243 1000 3279 ,.
1020 3188 1076 3261 sed

122 3299 252 3371 sonasse
274 3326 344 3372 non
369 3299 501 3372 stultum
529 3301 624 3373 alieni
647 3289 782 3372 'artisi'cii
805 3298 1076 3392 existimatorem.

70 3415 102 3480 Ι94
121 3401 273 3484 Similiter
300 3433 386 3480 nunc
406 3410 447 3481 de
461 3430 613 3498 oratore,
625 3408 738 3480 veslro
753 3409 916 3508 impulsu,
932 3410 1075 3510 loquor,

120 3521 250 3593 summo
269 3518 399 3593 scilicet.
429 3524 564 3617 Semper
585 3519 694 3611 enim,
715 3512 909 3619 quacunque
926 3521 1074 3612 de'arte,

121 3647 176 3699 aut
207 3628 357 3701 facultate
391 3632 584 3726 quaeritur,
617 3630 658 3700 de
691 3630 838 3714 absoluta
868 3648 902 3704 et
930 3628 1075 3730 persesla

119 3737 232 3830 quaeri
252 3732 343 3830 solet.
386 3741 496 3830 Quare
523 3739 547 3809 si
571 3738 637 3817 iam
663 3759 722 3812 me
747 3738 846 3814 vultis
867 3740 932 3832 esse
955 3763 1079 3835 orato·-
