2304 4304
405 275 701 349 ιιιιιιιι.
767 363 799 391 ,⁴
878 298 881 304 ·
976 244 1043 374 ⁸⁶7

54 455 114 510 tur
142 453 264 510 ornata
283 437 403 510 oratio.
432 461 540 535 neque
566 437 655 508 enim
681 437 752 508 sum
771 434 811 508 de
835 453 904 511 arte
932 434 1039 512 diclu-
1074 500 1077 507 .

54 572 146 638 rua,
175 575 276 647 quam
301 573 471 645 nunquam
496 547 622 637 didici,
649 547 705 621 sed
733 548 776 618 de
805 573 877 619 mea
899 549 1041 623 consue·

32 660 181 759 '’nidine
196 685 208 744 3
238 657 370 755 ipsaque
393 657 465 746 illa,
486 656 617 754 quaein
632 657 909 731 commentarium
927 687 1041 735 meum
1059 690 1062 696 ·

57 771 186 857 retuli,
204 770 277 842 sunt
288 767 450 842 eiusmodi
464 823 475 859 ,
490 794 561 840 non
580 769 686 866 aliqua
705 770 790 842 mihi
813 771 961 861 dodrina
974 794 1042 849 tra·

61 880 137 951 dita
154 900 166 969 ,·
181 878 247 951 'sed
273 878 440 969 interum
466 873 525 949 usu
548 877 714 974 causisque
736 879 897 949 traslata':
921 881 1042 976 quaesi

59 988 194 1076 vobis,
214 985 405 1063 hominibus
429 983 673 1074 emditiffimis,
696 1010 766 1056 non
784 985 1042 1081 probabuntur,

60 1041 236 1167 vestrain
204 1092 437 1200 iniquitatem
462 1092 673 1181 accusatore,
687 1092 802 1190 quiex
816 1118 871 1170 me
885 1118 924 1165 ea
938 1119 1042 1191 quae-

61 1205 210 1296 fieritis,
233 1231 317 1304 quae
339 1231 424 1304 ego
424 1205 609 1277 nescirem.
633 1231 741 1278 meam
759 1203 954 1278 facilitatem
968 1204 1042 1279 lau·

63 1317 206 1408 datote,
218 1342 307 1389 cum
335 1315 454 1424 vobis,
478 1343 548 1389 non
577 1341 654 1388 meo
680 1316 831 1408 iudicio,
854 1317 910 1389 sed
929 1315 1043 1392 vestro

64 1425 175 1498 studio
212 1425 384 1515 inductus,
417 1451 487 1498 non
523 1443 657 1524 gravate
691 1369 904 1522 respondero.
950 1430 1041 1501 Tum
1057 1458 1106 1510 209

64 1527 229 1626 Crassus,
250 1526 355 1632 Perge
381 1531 658 1633 modo,'inquit,·
674 1536 810 1609 Antoni.
847 1537 973 1611 nullum
994 1540 1042 1614 est

48 1649 160 1720 'enim
181 1645 364 1744 periculum
378 1699 393 1732 ,ι
404 1671 444 1716 ne
459 1645 541 1747 quid
559 1664 595 1717 tu
615 1644 796 1743 eloquare,
818 1647 878 1718 nisi
901 1649 947 1720 ita
966 1675 1041 1746 pru·
1067 1734 1070 1738 ,

66 1753 208 1842 denter,
235 1772 272 1826 ut
294 1751 631 1825 neminemnostrum
651 1753 824 1850 poeniteat
842 1754 989 1828 adhunc
1008 1775 1064 1844 te,¹

11 1956 16 1967 ι
65 1856 270 1939 sermonem¹
284 1863 458 1962 impulisse.
948 1935 953 1943 ,

117 1978 194 2071 Ego
217 2000 321 2064 vero,
344 1966 472 2070 inquii,
491 1967 649 2068 pergam:
676 1996 709 2044 et
731 1971 770 2044 'id
793 1970 931 2068 faciam,
944 1982 1040 2078 quod
1069 2066 1071 2070 μ

66 2084 103 2155 in
117 2085 284 2180 principio
312 2083 387 2155 sieri
415 2085 450 2153 in
467 2083 622 2178 omnibus
637 2080 911 2179 disputationibus
938 2117 1041 2186 opor·

67 2196 302 2270 terecenseo:
330 2214 391 2281 ut,
415 2195 495 2292 quid
521 2193 600 2266 illud
626 2186 665 2263 fit
679 2247 697 2284 ,¹
730 2194 771 2280 du
798 2222 868 2292 quo
895 2197 1074 2295 disputo..

57 2328 144 2400 tur,
145 2303 356 2428 explanetur
367 2359 379 2397 ,
392 2330 433 2376 ne
448 2304 564 2402 vagari
577 2327 610 2376 et
623 2288 735 2375 errare
755 2322 894 2402 cogatur
907 2308 1040 2397 oratio,

69 2415 159 2505 fiii,
191 2413 250 2512 qui
269 2414 357 2484 inter
380 2411 413 2483 se
432 2410 663 2495 dissenserint,
697 2434 767 2481 non
791 2410 880 2512 idern
904 2412 970 2484 esse
996 2414 1039 2487 il·

69 2524 151 2612 lud,
181 2549 252 2622 quo
283 2523 323 2595 de
353 2520 487 2618 agitur,
520 2513 716 2641 intelligant.
757 2516 1103 2610 Nam,s1forte210

71 2656 305 2734 quaereretur,
334 2657 419 2730 quae
442 2630 523 2705 esset
545 2654 597 2701 ars
618 2628 853 2753 imperatoris,
881 2632 1037 2710 constitu·

73 2746 194 2818 endum
222 2765 371 2840 putarem
402 2739 594 2838 principie,
623 2739 696 2838 quis
727 2741 841 2814 esset
832 2766 1046 2840 imperator:-

71 2853 129 2951 qui
148 2879 225 2924 cum
247 2850 327 2925 esset
340 2845 534 2922 constitutus
547 2848 791 2931 administrator
810 2853 945 2950 quidam
957 2855 1034 2928 belli

71 2961 237 3060 gerendi,
261 2978 332 3032 tum
361 2958 611 3056 adiungeremus
636 2957 872 3048 deexercitu,
902 2963 959 3035 de.
976 2989 1033 3037 ca-

72 3061 171 3162 tlris',
204 3072 245 3142 de
272 3066 480 3167 agminibus,
510 3066 552 3139 de
577 3065 747 3164 srgnonun
782 3069 1036 3162 collationibus,

51 3183 115 3264 ‚de
137 3180 342 3278 oppidorum
359 3173 681 3273 oppugnationibus,
704 3175 749 3247 de
772 3198 978 3268 commeatu,
992 3178 1035 3252 de
1129 3205 1133 3211 ·

72 3291 196 3365 insidiis
217 3287 377 3361 faciendis
400 3303 497 3384 atque
511 3282 663 3376 ,vitandis
670 3333 684 3373 ,
711 3282 752 3356 de
765 3284 898 3382 reliquis
912 3288 1035 3381 rebus,

75 3423 157 3498 quae
186 3396 289 3470 essent
319 3392 474 3492 propriae
497 3386 575 3465 belli
601 3390 870 3466 administrandi:
893 3419 1033 3494 quarum

76 3509 132 3604 qui
144 3503 377 3578 essent‘animo
388 3519 422 3572 et
439 3498 573 3589 scientia
591 3516 783 3594 compotes,
806 3524 864 3574 eos
884 3503 949 3574 effe
967 3504 1033 3589 im·

75 3631 244 3716 peratore's
257 3615 419 3686 dicerem·
411 3630 613 3709 ,utererque
630 3607 786 3708 exemplis
799 3610 1033 3688 Africanorum

57 3726 373 3847 ,ειΜικίιιιοιιιιιι;
396 3723 660 3821 Epaminondam
677 3740 775 3822 atque
789 3722 1032 3890 gannibalem,
1056 3808 1060 3818 ,
1130 3833 1134 3841 ¹

10 3854 14 3865 ·
126 3869 129 3876 .
844 3843 864 3889 a
