2302 4304
88 302 156 405 με
316 238 805 421 tutamenta

83 466 261 537 Noc‘iumao
276 488 402 557 partes,
415 465 606 555 fieperatres
632 467 697 532 lum
721 467 875 534 dicannm

85 577 190 669 Hasce
203 577 282 645 inter
297 575 427 644 mediam
439 576 475 642 in
479 594 602 664 partem
614 575 732 644 retinere
754 575 876 644 uidetur
969 568 1039 668 285'

86 690 214 759 Tamus
237 708 373 785 quantus
398 687 452 755 eric
476 687 626 754 collruens
653 684 897 773 mausona,

85 796 207 889 Inque
228 793 435 878 autumnab',
462 816 552 885 atque
571 794 680 864 iterum
693 794 881 886 sollumine
900 820 990 867 uerno

85 910 259 1030 Exaequae·
263 904 408 995 spanum
435 903 513 970 lucis
540 928 609 972 cum
628 920 756 993 tempore
767 904 939 975 ιιοὲἶίι.

86 1018 184 1085 Hunc
205 1017 337 1085 retineres
356 1016 451 1083 Aries
459 1013 600 1104 subimet
615 1040 735 1105 corpore
747 1036 852 1102 tatus,
945 1052 949 1061 ·

85 1132 208 1221 Atque
211 1129 385 1225 genuflexo
404 1128 526 1195 Taurus
547 1127 721 1194 connititur
733 1129 871 1221 ingens:
969 1148 1034 1222 290

85 1240 189 1307 Orion
216 1240 299 1306 claro
311 1237 494 1329 contingens
514 1259 633 1325 corpore
646 1233 775 1323 fertur:

84 1346 202 1437 Hydra
219 1366 299 1412 tenet
308 1344 404 1440 flexu
441 1346 596 1417 Crateram
606 1394 619 1428 ,
648 1345 765 1416 conus
780 1348 945 1417 adimet:

42 1527 47 1539 ,
85 1458 133 1526 Ec
147 1482 298 1548 paucaee
318 1455 419 1539 Chelis
430 1454 557 1554 struas:
578 1453 684 1550 simul
706 1460 956 1580 Anguitenentis
1046 1466 1056 1484 '

83 1569 168 1634 Sunt
189 1590 317 1669 gereua,
342 1585 370 1632 et
379 1562 500 1654 summi
512 1562 602 1633 Iouis
618 1567 699 1634 Ales
718 1567 854 1637 nuntius
871 1568 985 1669 instat:

83 1680 212 1769 Propter
227 1678 338 1769 Equus
347 1671 494 1766 eapite&
511 1676 659 1746 cervicum
671 1679 789 1749 himine
800 1684 917 1777 tangit.
954 1683 983 1752 .'2
985 1702 1025 1779 95

83 1782 184 1874 Hasce
208 1806 302 1873 aequo
326 1780 438 1873 spatio
462 1770 616 1850 devinc‘ios
631 1781 767 1882 sustinet
786 1787 891 1875 axis,

82 1894 143 1963 Per
166 1893 284 1961 medios
291 1891 418 1983 summ'o
439 1893 514 1962 coeli
527 1896 563 1962 de
582 1916 690 1964 uertice
700 1917 846 1969 tranans
920 1898 924 1903 ’

82 2002 139 2068 Ille
161 2020 263 2068 autem
276 2001 360 2067 claro
371 2020 499 2092 quanus
521 2024 589 2067 cum
606 2000 723 2069 lumine
747 2002 877 2087 circus,

15 2188 18 2195 ,
80 2112 229 2181 Partibus
242 2113 386 2179 extremis
406 2119 555 2179 extremos
577 2111 714 2179 concinet
735 2114 845 2197 orbes,

79 2219 239 2317 Etfimul
259 2248 280 2290 a
298 2223 399 2290 medio
420 2221 522 2290 media
544 2223 580 2289 de
594 2241 684 2310 parte
691 2221 818 2311 secatur
830 2272 844 2306 ,
963 2238 1032 2316 300

78 2339 183 2427 Atque
207 2333 349 2426 obliquus
375 2333 411 2401 in
424 2333 475 2401 his
488 2334 591 2402 nitens
616 2357 684 2412 curn
714 2332 832 2401 lumine
844 2332 974 2421 fertur:

82 2448 132 2516 Ut
150 2469 258 2530 nemo,
278 2440 447 2533 cuisanc'la
468 2466 566 2510 manu
586 2438 749 2532 doc‘liffime
771 2441 886 2510 Pallas
1014 2442 1030 2458 '

77 2557 222 2642 Solertcm
244 2551 313 2642 ipsa
325 2552 413 2619 dudit
424 2551 566 2641 fabricae
582 2552 760 2622 rationibus
783 2575 910 2640 artem,

77 2665 156 2731 Turn
177 2684 298 2731 tornare
324 2684 390 2730 cate
411 2684 566 2732 contortos
583 2660 687 2757 peffet
706 2665 817 2749 orbes,

78 2773 187 2865 Quam
203 2771 287 2860 sunt
309 2773 346 2838 ire
364 2777 445 2842 coela
462 2775 575 2842 diuino
599 2776 727 2843 numine
734 2775 821 2870 flexi
833 2822 848 2859 ,
961 2798 1024 2874 305

74 2887 196 2952 Terram
218 2883 394 2974 cingentes,
423 2906 567 2952 ornantes
590 2887 707 2954 [semine
718 2887 885 2973 mundum,

75 2993 215 3061 Culrnine
233 2989 406 3081 transverstr
429 2991 588 3060 retinentes
595 2992 701 3087 sidera
714 2993 815 3083 fulta.
940 3066 944 3072 ,

75 3101 224 3191 Quatuor
243 3099 278 3166 lei
303 3120 389 3167 motu
414 3095 597 3166 cunilil
541 3124 579 3167 νο
581 3100 710 3168 luuntur
724 3102 839 3186 eadem,
978 3148 982 3154 -

70 3214 135 3276 Sed
153 3231 276 3278 tanturn
296 3211 398 3300 ficpra
421 3234 516 3280 terras
518 3211 649 3305 semper
672 3233 750 3280 tenet
773 3212 826 3279 ille
1053 3284 1056 3291 ,

70 3314 261 3381 Curriculurn
270 3317 418 3407 oblique
430 3319 612 3414 inflexus
581 3321 680 3387 tribus
694 3320 815 3388 orbibus
829 3342 925 3408 unus,
957 3341 1025 3410 310

69 3423 203 3512 Quanto
222 3424 394 3520 estdiuisus
416 3429 531 3497 Cancer
537 3429 648 3518 spatio
671 3457 692 3498 a
717 3432 930 3521 Capricorno,

64 3535 116 3599 Aa
123 3536 232 3621 subter
243 3557 337 3602 terras
355 3536 502 3626 spratiurn
514 3565 576 3629 par
601 3536 656 3635 effe
675 3536 783 3637 neceffe
795 3540 855 3640 css:

63 3644 109 3708 Ec
131 3670 264 3736 quantos
283 3649 390 3718 radios
409 3651 545 3751 iacimus
558 3655 595 3745 de
617 3653 736 3725 lumine
757 3652 880 3751 nostro,
949 3740 953 3745 ¹

62 3754 160 3852 Quer's
178 3760 262 3828 irene
287 3787 458 3833 cortt‘txurrr
479 3766 553 3837 coeli
580 3763 793 3865 contingimus
809 3766 940 3855 orbem,
