2302 4304
146 279 213 374 256
373 276 463 348 De
511 224 911 377 on'nprone'

72 474 76 480 ¹
141 437 207 513 suis
224 435 446 536 praefuerunt.
494 437 579 532 Quis
591 437 722 511 dodior
737 437 853 524 iisdem
866 434 929 512 illis
946 435 1102 536 tempori·

140 549 223 639 bus,
245 567 299 623 aut
312 548 405 624 cuius
422 548 607 647 eloquentia
615 549 715 624 literis
728 550 917 634 instruslior
930 550 1028 626 fu'nse
1037 575 1101 624 tra·

141 661 255 752 ditur,
280 688 378 762 quam
396 661 501 734 Prsrst
501 681 545 732 atr
560 661 574 732 1
599 644 710 758 quip'r
694 642 796 733 imus
818 661 962 753 Homeri
974 661 1100 751 libros,

141 770 299 845 confusos
323 797 432 858 antea,
453 770 497 843 src
519 769 707 868 disposuisse
726 770 862 861 dicitur,
886 789 923 841 ut
939 772 1100 845 nuncha·

141 872 265 953 bemus.
315 882 396 951 Non
425 880 487 952 fuit
511 878 564 950 ille
577 880 712 977 quidem
743 878 872 952 civibus
893 879 959 952 suis
996 877 1099 969 utilis,

140 987 235 1059 sed
227 1007 271 1060 ιιι
305 986 490 1084 eloquentia
525 982 657 1076 floruit,
687 1001 725 1056 ut
746 984 849 1058 literis
885 987 1098 1110 dostrina'que

46 1121 125 1188 ιιι.
139 1100 325 1197 praestaret.
380 1096 472 1190 Quid
490 1093 660 1167 Pericles?
684 1095 724 1168 de
739 1093 832 1184 cuiue
852 1095 985 1169 dicendi
1005 1097 1097 1192 copia

139 1208 183 1281 fic
199 1206 406 1304 accepimus,
431 1226 493 1294 ut,
526 1229 603 1276 cum
626 1220 741 1277 contra
760 1203 971 1282 volumatem
995 1204 1095 1276 Athe·

52 1376 62 1388 ,
139 1323 298 1395 mensium
310 1321 501 1419 loqueretur
525 1340 588 1413 pro
602 1299 698 1387 salute
717 1317 840 1412 patriae
866 1317 1036 1407 severius,
1056 1339 1096 1390 ta·

139 1456 217 1502 men
239 1431 273 1501 id
285 1428 418 1525 ipsum,
440 1428 534 1526 quod
552 1427 605 1498 ille
619 1444 736 1499 contra
758 1427 935 1525 populares
951 1371 1129 1500 homines

139 1541 285 1630 diceret,
323 1539 484 1637 poptdare
515 1537 670 1610 omnibus
697 1554 730 1610 et
761 1538 944 1611 iucundum
966 1537 1092 1612 videre-

138 1666 191 1721 tur
209 1676 217 1720 :
258 1645 351 1722 cuius
363 1648 398 1720 in
415 1646 514 1720 labris
527 1664 656 1720 veteres
673 1647 825 1738 Comici,
852 1648 953 1721 etiam
969 1649 1092 1746 cumilli

138 1758 393 1839 maledicerent
415 1756 527 1856 (quod
549 1776 621 1830 tum
645 1757 784 1847 Athenis
818 1759 890 1832 fieri
925 1750 1090 1861 licebit),

80 1900 83 1904 ’
137 1870 290 1967 leporem
317 1870 472 1943 habitasse
492 1865 670 1955 dixerunt,
700 1866 890 1970 tantamque
908 1871 944 1943 in
964 1898 1007 1944 eo
1028 1872 1089 1959 un
1131 1890 1133 1897 '

137 1977 254 2068 fuisse,
281 1997 317 2051 ut
344 1978 379 2050 in
393 2004 510 2050 eorum
527 1978 716 2067 mentibus,
738 1981 795 2078 qui
813 1981 994 2074 audissent,
1012 1977 1089 2080 quai

137 2091 268 2163 aculeos
282 2091 444 2189 quosdam
462 2091 670 2188 relinqueret.
690 2149 693 2152 a
720 2094 764 2163 At
782 2093 870 2165 hunc
894 2121 965 2168 non
980 2093 1087 2175 clama·

137 2218 192 2270 tor
214 2199 327 2297 aliquis
341 2199 382 2271 ad
397 2197 602 2297 clepsydram
615 2197 736 2298 latrare
756 2199 940 2286 docuerat,
967 2198 1040 2288 sed,-
1058 2211 1087 2270 ut

138 2312 325 2410 accepim-us
339 2366 351 2403 ,
376 2309 607 2382 Clazomenius
620 2307 672 2381 ille
687 2313 921 2408 AnaxagoraS‚
944 2309 999 2383 vir
1011 2310 1087 2381 sum-

137 2451 210 2496 mus
234 2422 269 2495 in
291 2421 510 2495 maximarum
524 2443 636 2492 rerum
650 2420 793 2494 scientia.
842 2423 955 2517 Itaque
968 2419 1022 2491 hic
1034 2418 1087 2489 do·

137 2532 260 2620 Urina,
290 2531 442 2622 confilio,
459 2530 648 2629 eloquentia
663 2528 856 2621 excellens,
886 2529 1088 2628 quadraginta

136 2667 242 2713 annos
264 2640 403 2738 praefuit
426 2639 564 2714 Athenis
588 2665 621 2714 et
638 2641 771 2714 urbanis
796 2639 916 2712 eudem
931 2656 1088 2737 tempore,

76 2778 121 2830 139
137 2766 169 2821 et
187 2747 311 2819 bellicis
333 2747 440 2819 rebus.
488 2747 580 2841 Quid
615 2739 760 2823 Critias?
786 2745 866 2844 quid
879 2740 1088 2818 Alcibiades?

137 2860 326 2934 civitatibus
347 2860 412 2932 suis
440 2860 574 2959 quidem
598 2885 669 2933 non
685 2850 798 2949 boni,
823 2858 877 2930 sed
903 2879 993 2931 certe
1013 2850 1090 2930 dodi
1131 2906 1133 2965 Ξ

136 2991 234 3069 atque
256 2968 475 3068 eloquentes,
505 2993 617 3039 nonne
634 2967 810 3041 Socraticis
832 2984 924 3038 erant
952 2965 1088 3063 disputa·
1131 2972 1133 3059 f

24 3088 27 3103 '
136 3079 281 3158 tionibus
298 3079 446 3153 eruditi?
473 3078 558 3174 Quis
572 3078 725 3151 Dionem
743 3075 953 3177 Syracusrum
976 3076 1089 3149 dodri·

137 3193 187 3263 nis
199 3177 558 3286 omnibus'expdlivit?
581 3209 650 3259 non
663 3186 781 3260 Plato?
807 3208 905 3283 atque
922 3182 1091 3257 cumidem
1131 3220 1133 3279 5

137 3295 190 3367 ille
203 3321 272 3367 non
290 3297 420 3393 linguae
443 3293 569 3385 solum,
596 3319 715 3368 verton
737 3292 840 3365 eti-am
861 3291 965 3366 animi
979 3315 1017 3364 ac
1031 3287 1092 3364 vir·
1131 3294 1133 3333 ¹

138 3401 216 3473 tutis
230 3401 404 3498 magister,
432 3403 475 3475 ad
492 3402 693 3476 liberandam
717 3404 858 3500 patriam
875 3401 1031 3499 impulit,
1050 3401 1092 3471 in·

137 3513 277 3604 struxit,
312 3512 462 3586 armauit
509 3516 662 3605 Aliisne
653 3515 755 3626 igitur
778 3515 901 3588 artibus
912 3515 1002 3586 hunc
1011 3512 1090 3585 Dio

124 3651 214 3721 nem
241 3568 379 3696 iristituit
403 3624 523 3715 Plat0,
553 3626 622 3699 aliis
642 3622 800 3699 Isocrates
828 3616 1092 3697 clar‘rllimumvi¹

138 3761 212 3846 rum
228 3734 469 3830 Timotheum,
489 3732 664 3835 Cononis,
681 3736 969 3837 praestantiffirni
959 3753 1124 3833 nupera·
