2302 4304
146 308 193 382 m
286 288 288 293 ’
374 294 953 392 oaourxona,

144 467 233 563 enim
255 489 289 542 et
307 466 498 568 dignitatem
520 472 663 543 maxime
690 472 907 568 expetendam
930 472 1107 565 videmus,

143 606 221 654 cum
243 606 367 670 verus,
386 580 498 670 iustus,
517 602 615 680 atque
634 581 786 654 honestus
795 583 890 658 labor
903 584 1104 676 honoribus,

143 691 319 788 praemiis,
342 689 513 787 splendore
540 692 738 776 decoratur;
763 691 846 797 vitia
861 715 971 768 autem
988 693 1106 766 homi⁴

145 828 251 892 num,
274 819 372 900 atque
393 800 548 887 fraudes,
572 799 722 888 damnis,
745 800 962 897 ignominiis,
981 804 1105 877 vincu.

142 909 182 983 lis
194 965 206 1001 ,
232 908 447 995 verberibus,
469 907 607 996 exsiliis,
630 928 739 980 morte
749 909 947 982 multanturt
961 930 993 983 et
1004 912 1105 985 doce·

98 1022 101 1027 ’
144 1052 219 1098 mur
246 1051 315 1099 non
339 1024 495 1111 infinitis,
522 1024 875 1122 concertationumque
902 1025 1006 1121 plenis
1035 1027 1104 1099 dis-

27 1212 30 1219 ,
60 1201 62 1205 .
112 1200 115 1208 ,
145 1133 397 1231 putationibus,
420 1132 475 1203 sed
493 1131 711 1220 ausloritate,
735 1152 881 1228 numque
903 1135 1013 1234 legum
1037 1139 1110 1212 do·-

85 1280 88 1285 ·
145 1245 242 1333 miras
264 1243 383 1315 habere
403 1241 571 1329 libidines,
587 1264 742 1311 coercere
755 1265 872 1312 omues
891 1244 1103 1338 cupiditates,

145 1351 257 1423 nostra
283 1349 393 1437 tueri,
422 1348 463 1440 ab
494 1340 606 1418 alienis
640 1367 790 1436 mentes,
815 1347 955 1440 oculos,
978 1359 1104 1428 'manus

81 1481 129 1548 44
145 1459 313 1559 abstinere.
341 1461 493 1529 Fremant
515 1479 631 1527 omnes
658 1454 760 1527 licet:
783 1457 889 1529 dicam
911 1460 1004 1556 quod
1027 1461 1101 1534 sen-

83 1593 125 1644 ¹95
144 1572 194 1644 tio
217 1598 227 1643 :
251 1569 466 1643 bibliothecas
486 1569 673 1642 mehercule
699 1571 851 1644 omnium
876 1574 1101 1672 pbilosopho-

143 1705 217 1753 rum
239 1705 322 1753 unus
343 1679 426 1751 mihi
452 1679 584 1752 videtur
606 1681 672 1750 Xll
703 1681 886 1754 tabularum
904 1683 1101 1778 libellus,sr

140 1794 218 1889 quis
238 1793 349 1889 legum
377 1791 487 1864 sontes
512 1812 545 1863 et
571 1792 678 1888 capita
703 1792 847 1882 viderit,
870 1815 903 1865 et
925 1798 1101 1871 auslorita·

31 1920 34 1926 ⁴
82 1920 127 1986 19⁶
143 1899 185 1970 tis
204 1901 372 1994 pondere,
395 1916 428 1970 et
454 1896 602 1969 utilitatis
625 1894 773 1969 ubertate
797 1896 962 1994 superares
982 1903 1033 1975 Ac
1048 1905 1101 1994 ,fi

142 2031 226 2092 nos,
253 2006 287 2077 id
307 2007 400 2102 quod
421 2004 564 2076 maxime
586 2004 706 2092 debet,
734 2002 843 2074 nostra
865 2004 970 2100 patria
987 2007 1100 2082 delec-

44 2183 45 2186 ,
142 2133 212 2203 tat·;
225 2115 316 2187 cuius
333 2115 382 2186 rei
398 2130 489 2185 tanta
502 2112 547 2183 est
560 2112 612 2184 vis
625 2165 636 2201 ,
651 2136 690 2184 ac
703 2131 792 2185 tanta
806 2138 942 2206 natura,
959 2139 997 2188 ut
1009 2118 1101 2198 ltha-

141 2251 215 2298 cam
235 2223 340 2314 illam,
359 2223 394 2293 in
413 2220 598 2318 asperrimis
612 2220 748 2310 saxulis,
762 2242 916 2320 tanquam
930 2224 1102 2317 nidulum,

63 2411 80 2435 ρ
141 2335 299 2426 affixam,
327 2331 573 2430 sapientiffimus
591 2329 646 2404 vir
662 2330 901 2416 immortalitati
915 2347 1101 2429 antepone-

102 2471 221 2532 gret:
250 2467 318 2544 quo
341 2468 454 2518 amore
474 2442 607 2515 tandem
632 2437 826 2517 inflammati
853 2440 919 2512 effe
943 2443 1102 2518 debemus

141 2556 179 2628 in
200 2554 362 2627 eiusmodi
388 2553 550 2650 patriam,
574 2575 657 2650 quae
683 2575 748 2622 una
773 2549 808 2621 in
831 2551 985 2624 omnibus
1002 2554 1101 2628 terris

141 2662 322 2737 domusesl
343 2660 474 2734 virtutis
487 2714 499 2750 ,
512 2660 643 2756 imperii
656 2714 667 2749 ,
682 2659 877 2757 dignitatis?
908 2661 1010 2734 Cuius
1030 2663 1101 2759 pri-

141 2801 233 2847 mum
248 2772 347 2845 nobis
360 2794 477 2859 mens,
495 2790 586 2853 mos,
605 2767 796 2864 disciplina,
809 2787 890 2842 nota
902 2768 967 2842 esse
981 2767 1110 2859 debet;'

29 2946 31 2951 ,
141 2882 196 2957 vel
216 2879 293 2980 quia
313 2878 360 2951 est
378 2879 509 2974 patria,
530 2902 652 3002 parens
670 2881 822 2952 omnium
844 2880 1017 2968 nostrum,
1044 2884 1101 2958 vel

140 2990 219 3088 quia
241 3006 333 3062 tanta
356 2987 512 3084 sapientia
530 2966 652 3059 ruiffe
642 3015 679 3059 rn
699 2988 770 3063 iure
793 2990 1023 3064 constituendo
1037 3018 1102 3122 pu·

88 3095 114 3176 s
141 3105 239 3177 tanda
265 3104 336 3195 est,
360 3125 480 3204 quanta
505 3103 599 3177 suit
590 3131 625 3177 m
647 3102 698 3177 bis
719 3106 817 3178 tantis
831 3106 978 3203 opibus
966 3107 1101 3203 rmperii

80 3245 127 3298 ¹97
142 3220 382 3319 comparandis.
406 3219 605 3322 Percipietis·
619 3220 718 3292 etiam
736 3219 823 3291 illam
841 3244 883 3291 ex
905 3219 1102 3317 cognitione

141 3325 221 3399 iuris
232 3326 387 3401 laetitiam
407 3350 441 3401 et
458 3327 811 3424 voluptatem,quod,
832 3344 991 3423 quantum
1003 3351 1101 3422 prae·

140 3432 280 3506 sliterint
305 3435 572 3507 nostrimaiores
592 3433 765 3530 prudentia
788 3434 904 3506 ceteris
933 3434 1100 3532 gentibus,

140 3565 212 3617 tum
235 3541 390 3615 facillime
413 3542 619 3641 intelligetis,
636 3542 661 3614 si
678 3558 758 3616 cum
768 3545 899 3618 illorum
914 3549 1099 3645 Lycurgo,

140 3675 175 3724 et
200 3652 382 3738 Dracone,
406 3672 439 3724 et
456 3650 581 3742 Solone
601 3652 726 3727 nostras
743 3655 830 3753 leges
854 3654 1009 3730 conferre
1031 3681 1098 3730 vo·

139 3763 271 3847 lueritis.
294 3763 491 3844 Incredibile
524 3762 570 3838 est
597 3764 707 3860 enim,
733 3792 832 3869 quam
859 3767 899 3842 lit
921 3792 1024 3852 omne
1046 3768 1097 3845 ius
1110 3755 1120 3771 ”

62 3918 131 4032 ’ἱ
