2302 4304
131 321 182 392 '26
360 321 867 399 DEORATORE

132 479 172 552 fit
195 479 401 554 omnibus'·
380 509 419 555 n:
441 484 586 575 artibus,
626 512 711 584 quae
731 487 804 561 sunt
824 488 930 561 libero
953 489 1097 598 dignae,

109 594 335 693 perpolitus.
357 594 489 692 quibus·
496 596 595 692 ipsis,
622 596 696 668 siin
709 599 850 672 dicendo
869 626 939 673 non
956 603 1108 702 utimur,

131 720 243 772 tamen
266 721 429 798 apparet,
447 723 546 799 atque
564 703 688 795 exstat,
723 724 833 778 utrum
848 706 952 780 fimus
978 733 1095 782 earum

87 838 118 905 ⁷3
128 812 246 903 rudes,
264 837 307 886 an
322 812 542 891 didicerimus.
592 818 667 902 Ut,
693 842 750 913 qur
741 816 830 913 pila
853 819 996 909 ludunt,
1022 846 1097 894 non

31 922 33 925 ’
60 930 62 935 ’
132 946 267 1019 utuntur
292 929 328 1000 in
349 926 419 1027 ipsa
430 915 555 1001 lusrone
577 929 719 1030 artificio
746 934 887 1028 prdprio
905 932 1095 1029 palaestrae,

131 1041 187 1115 sed
200 1044 323 1117 indicat
349 1042 418 1139 ipse
436 1062 567 1134 motus,
590 1018 807 1118 didicerintne
826 1046 1037 1142 palaestram,
1051 1075 1096 1120 an

130 1151 305 1226 nesciant:
323 1170 357 1222 et
361 1150 434 1269 qui
456 1099 579 1250 asquia
600 1150 756 1249 fingunt,
793 1154 850 1225 etsi
871 1172 943 1226 tum
967 1156 1096 1251 pistura

131 1265 214 1336 nihil
236 1282 398 1353 utuntur,
422 1287 557 1354 tamen,
588 1286 699 1337 utrum
728 1264 828 1338 sciant
857 1266 1020 1391 pingere,
1051 1293 1096 1338 an

131 1376 294 1465 nesciant,
322 1400 391 1446 non
404 1373 581 1469 obscurum
596 1374 665 1445 cst·
691 1373 803 1448 s1c1n
799 1356 1018 1448 orationibus
1031 1377 1097 1448 his.

131 1518 170 1564 ee
193 1487 267 1588 ipsis
284 1488 503 1589 iudiciorum,
533 1490 761 1582 concionum,
788 1491 944 1599 senauts,
970 1490 1095 1564 etiamsi

16 1596 20 1604 ’
130 1594 286 1694 propriae
308 1617 436 1670 ceterae
448 1622 519 1668 non
533 1597 729 1669 adhibentur
742 1619 847 1687 artes,
867 1617 978 1670 tamen
993 1597 1096 1679 facile

56 1780 62 1789 ,
96 1691 341 1797 ‘¹declarautr,
367 1728 478 1778 utrum
508 1706 559 1795 is,
587 1704 657 1803 qui·
667 1706 775 1796 dicat,
799 1709 1066 1781 tantummodo
1057 1735 1098 1782 ιιι

131 1816 198 1892 hoc
221 1760 457 1892 declaniatorio
489 1816 527 1891 fit
563 1842 667 1913 opere
699 1817 862 1904 iaslatus,
906 1846 948 1890 an
975 1822 1016 1892 ad
1044 1823 1100 1893 di-

131 1929 301 2010 cendum
314 1933 514 2006 omnibus
504 1933 656 2045 ingenuis
693 1932 814 2005 artibus
843 1932 1013 2007 inslruslus
1039 1944 1132 2008 ac-'

78 2045 80 2052 ’
131 2042 273 2116 cesserit
672 2080 679 2095 ·
736 2072 748 2123 ,-
1113 2061 1116 2066 “

76 2179 119 2250 17
180 2152 269 2224 Tum
283 2151 392 2224 ridens
406 2150 565 2224 Scaevola
579 2205 590 2240 ,
613 2153 693 2223 Non
707 2152 880 2242 luslabor,
902 2150 1030 2249 inquit,
1044 2171 1098 2225 te·

86 2288 228 2353 rreum,
253 2261 388 2353 Crasse,
408 2261 555 2358 amplius.
584 2262 618 2332 id
637 2263 725 2336 enim
752 2261 874 2359 ipsum,
897 2262 989 2358 quod
1012 2287 1098 2334 con·
1122 2312 1125 2319 ·

131 2391 182 2443 tra
205 2383 259 2445 me
278 2372 409 2445 locutus
432 2397 491 2462 es,
518 2368 660 2444 artificio
675 2372 822 2469 quodam
845 2395 878 2442 es
889 2362 1099 2465 consecutus,
1117 2462 1125 2479 ·

131 2480 168 2553 ut
191 2481 361 2572 etmihi,
392 2508 477 2580 quae
500 2507 565 2581 ego
593 2481 712 2583 vellem
735 2507 803 2552 non
835 2479 900 2552 esse
931 2482 1099 2572 oratoris,

88 2603 91 2610 ⁴
130 2590 352 2669 concederes:
375 2607 409 2660 et
428 2615 466 2661 ea
482 2590 549 2685 ipsa
575 2589 687 2662 nescio
717 2587 892 2686 quomodo
916 2589 1023 2660 rursus
1037 2589 1098 2659 de·

86 2733 117 2785 75
131 2694 327 2796 torqueies,
361 2722 459 2796 atque
481 2704 609 2772 oratori
633 2702 770 2797 propria
796 2701 953 2773 traderes·
1004 2702 1098 2774 Haec

132 2834 214 2901 cum]
229 2835 294 2908 ego
319 2826 454 2905 praetor
469 2808 625 2904 Rhodum
640 2807 826 2896 venissem,
853 2826 887 2879 et
914 2832 989 2879 cum
1008 2804 1098 2901 strin-

131 2948 191 2995 mo
207 2921 273 2992 ¹illo
299 2919 437 2991 dodore
467 2917 555 2990 istius
578 2918 765 3015 disciplinae
789 2917 970 3015 Apollonio
985 2934 1016 3005 ,'
1031 2916 1103 3007 ea,

15 3126 16 3130 Ἰ
48 3038 51 3042 ’
131 3060 215 3133 quae
238 3060 256 3105 a
273 3031 441 3104 Panaetiov
454 3054 667 3126 acceperam,
682 3029 889 3104 contulissem
903 3057 911 3099 :
925 3026 1021 3099 irrisit
1043 3018 1099 3100 ille

131 3144 292 3245 quidem,
318 3156 356 3215 ut
373 3141 523 3245 solebat,
546 3142 790 3238 philosophiam
822 3164 921 3238 atque
934 3158 1097 3237 contem-

131 3256 196 3346 sit,
222 3248 390 3356 multaque
417 3282 488 3329 non
504 3275 575 3354 tam
596 3261 742 3358 graviter
757 3257 867 3347 dixit,
893 3280 992 3352 quam
1006 3253 1099 3325 face-

43 3442 49 3452 ,
132 3386 177 3437 te.
201 3381 259 3441 tua
280 3383 390 3443 autem
404 3362 468 3436 fuit
489 3366 599 3439 oratio
617 3367 808 3452 eiusmodi,
845 3387 919 3451 nonj
935 3386 972 3434 ut
998 3362 1099 3435 ullam

133 3476 236 3546 ariem
252 3473 481 3549 dodrinamve
504 3489 755 3563 contemneres,
783 3476 837 3550 sed
850 3497 1017 3558 utomnes
1034 3498 1098 3544 co-

90 3593 123 3658 76
134 3577 229 3648 mites
247 3601 286 3648 ac
307 3575 466 3648 ministras
478 3581 622 3652 oratoris
638 3579 701 3652 esse
720 3581 855 3652 diceres.
915 3580 1007 3669 Quas
1019 3602 1100 3674 ego,
1119 3636 1131 3645 ,

134 3684 158 3754 fi
173 3687 246 3782 quis
259 3685 298 3759 s1t
310 3712 394 3759 unus
408 3691 601 3784 complexus
614 3714 753 3781 omnes,
777 3690 939 3811 idemque
950 3684 973 3754 st
989 3686 1030 3756 ad
1043 3712 1100 3757 eas

110 3789 300 3871 facultates
333 3793 427 3869 istam
458 3785 678 3871 ornatissimae
705 3797 865 3873 orationis
890 3795 1100 3881 adiunxerit,

63 3886 191 4048 ι.

189 4040 373 4095 ,ἱ’
