2302 4304
390 298 612 374 LIBER
661 306 738 376 111.
958 333 1029 408 213

65 481 207 533 omnem
231 458 322 559 spem
354 478 450 560 atque
484 465 598 536 omnia
630 466 718 540 vitae
756 466 886 541 consilia
916 489 1028 545 morte

65 579 241 674 pervertit.
284 579 358 653 Fuit
382 580 449 651 hoc
472 579 655 654 neruorum
677 582 761 672 suis,
790 586 950 659 acerbum
969 606 1061 685 pat-t

65 687 171 779 triae,
186 713 287 787 grave
312 688 409 762 bonis
429 688 601 780 omnibus,
615 691 670 762 sed
693 692 716 762 ii
738 712 849 767 tamen
871 698 1027 792 rempub-

66 802 167 874 licam
206 805 294 876 casus
333 802 433 875 secuti
458 801 548 892 sunt,
575 824 613 875 ut
639 803 722 875 mihi
747 831 817 877 non
852 828 963 901 erepta
989 809 1028 880 L.

66 911 191 984 Crasso
214 913 312 985 adiis
336 913 577 985 immortalibus
599 914 685 1002 vita,
709 914 764 986 sed
787 917 908 987 donata
934 938 1028 989 mors

66 1022 134 1094 effe
158 1023 319 1096 videatur.
357 1024 438 1094 Non
456 1022 543 1095 vidit
562 1022 753 1121 flagrantem
778 1024 864 1096 bello
888 1024 1027 1114 Italiam,

65 1153 141 1200 non
167 1128 336 1202 ardentem
364 1129 490 1202 invidia
515 1130 684 1222 senatum,
712 1156 781 1204 non
807 1132 934 1206 sceleris
963 1159 1026 1206 ne-

65 1236 158 1310 farii·
171 1239 335 1337 principes
374 1243 517 1317 civitatis
544 1268 638 1334 reos,
673 1269 743 1316 non
771 1246 892 1318 ludum
919 1245 1025 1338 filiae,

66 1375 143 1421 non
168 1351 311 1424 exfilium
336 1355 470 1451 generi,
494 1379 564 1432 non
591 1353 829 1425 acerbiffimam
855 1355 895 1426 C.
923 1355 1023 1428 Marii

64 1460 204 1559 fugam,
229 1487 296 1535 non
323 1465 412 1535 illam
434 1464 509 1562 post
534 1465 676 1538 reditum
699 1467 769 1538 eius
792 1467 924 1537 caedem
947 1491 1025 1538 om·

65 1569 160 1640 nium
182 1570 453 1662 crudeliffimam,
478 1598 546 1646 non
569 1574 710 1670 denique
733 1575 767 1645 in
790 1574 882 1644 omni
905 1599 1024 1670 genere

21 1764 24 1770 ¹
64 1677 284 1750 deformatam
306 1702 379 1750 eam
406 1679 594 1769 civitatem,
618 1680 653 1750 in
675 1705 740 1777 qua
761 1679 829 1776 ipse
856 1679 1024 1754 florentis·

64 1785 144 1858 fima
171 1787 313 1859 multum
347 1789 501 1860 omnibus
526 1789 632 1886 gloria
653 1787 869 1885 praestitisset.

112 1896 176 1969 Sed
201 1897 360 1994 quoniam
384 1897 476 1995 attigi
498 1898 700 1995 cogitatione
723 1899 794 1972 vim
816 1897 1062 1993 varietatem-3

64 2031 130 2104 que
158 2005 353 2113 fortunae&
366 2032 435 2079 non
460 2010 632 2106 vagabitur
655 2010 763 2081 oratio
785 2035 859 2082 mea
879 2011 1021 2109 longius,
1040 2035 1057 2085 ⁹

64 2135 161 2217 atque
187 2115 236 2189 eis
268 2115 338 2189 fere
367 2115 442 2212 ipsrs
468 2118 642 2193 definietur
667 2120 766 2209 viris,
792 2123 851 2219 qui
871 2123 937 2195 hoc
956 2124 1023 2196 ser-

65 2250 187 2312 mone,
200 2251 302 2324 quem
320 2225 443 2299 referre
464 2230 654 2326 coepimus,
680 2230 900 2304 continentur.
936 2233 1024 2326 Quis

66 2338 154 2409 enim
183 2363 253 2410 non
287 2337 364 2410 iure·
390 2339 517 2411 beatam
552 2343 589 2412 L.
606 2340 720 2410 ,Craffi
743 2358 889 2412 mortem
912 2341 1024 2435 illam,
1131 2361 1135 2376 ¹

15 2474 23 2479 ·
65 2475 148 2547 quae
175 2449 263 2522 esta
284 2451 393 2523 multis
416 2450 511 2547 saepe
538 2449 676 2534 defleta,
701 2449 839 2539 dixerit,
864 2476 939 2522 cum
960 2452 1023 2523 ho-
1122 2508 1131 2523 .

65 2589 138 2635 rum
165 2560 313 2659 ipsorum
341 2560 398 2647 fit,
429 2558 487 2656 qui
517 2575 588 2628 tum
618 2582 695 2628 cum
730 2557 788 2629 illo
819 2558 1022 2655 postremum

64 2667 134 2741 fere
162 2667 324 2742 collocuti
351 2666 445 2755 sunt,
478 2682 636 2737 eventum
665 2667 881 2740 recordatus?
906 2669 1019 2741 Tene-

64 2805 137 2852 mus
167 2779 257 2850 enim
289 2777 471 2865 memoria,
501 2778 546 2868 Q.
583 2776 758 2867 Cantium,
789 2779 898 2852 virum
925 2781 1021 2854 omni

61 2893 160 2965 laude
184 2889 423 2988 praestantem,
451 2915 527 2963 cum
553 2887 704 2963 fibinon
727 2890 926 2965 incolumem
947 2890 1020 2963 for-

60 3027 201 3094 tunam,
233 3004 289 3079 sed
315 3003 464 3075 exfilium
494 3025 528 3076 et
551 3001 664 3099 fugam
687 3004 931 3102 deprecaretur,
951 3003 1019 3075 effe

57 3115 236 3201 coactum,
262 3133 300 3199 pt
326 3111 397 3185 vita
418 3110 450 3183 se
471 3109 538 3206 ipse
552 3113 718 3211 privaret.
741 3117 810 3184 Iam
836 3117 886 3185 M.
910 3117 1068 3184 Anto-1·

55 3221 109 3293 nii
138 3219 176 3291 in
200 3219 267 3293 his.
282 3217 357 3314 ipsis
383 3216 518 3306 rostris,
546 3216 581 3288 in
607 3219 727 3314 quibus
751 3219 805 3289 ille
836 3220 1017 3314 rempubli-

57 3359 138 3406 mm
177 3329 431 3405 constantissime
471 3329 584 3404 consul
621 3327 829 3418 defenderat,
868 3356 1018 3433 quaeque

58 3446 183 3520 censor
204 3444 425 3540 imperatoriis
446 3443 608 3516 manubiis
636 3463 785 3535 ornarat,
808 3445 950 3543 pofitum
964 3471 1018 3521 ca-

59 3577 123 3652 put
152 3553 235 3627 illud
261 3552 345 3641 fuit,
378 3577 486 3650 aquo
507 3570 600 3626 erant
620 3554 801 3628 mtdtorum
815 3556 938 3652 civium
958 3579 1018 3627 ca-

60 3667 133 3760 pita
160 3664 297 3737 servata.
324 3704 328 3711 ·
352 3663 470 3759 Neque
507 3686 590 3734 vero
622 3662 721 3761 longe
741 3665 783 3737 ab
814 3689 856 3737 eo
878 3665 920 3736 C,
943 3660 1016 3739 Iulii

53 3791 183 3869 eaput,
205 3770 343 3868 hospitis
358 3771 495 3847 ’Etrusci
518 3771 634 3847 scelere
662 3774 851 3940 proditu&
879 3795 957 3843 cum
976 3773 1023 3846 Li
1047 3810 1056 3831 κ
