2302 4304
222 254 225 259 ’
344 295 691 371 ιιιΒΕκι.
799 299 813 397 j
976 329 1061 402 73,

59 455 162 554 usque
176 480 222 528 eo
240 454 319 543 illa,
342 481 429 554 quae
455 458 594 533 dicenda
619 459 663 532 de
689 458 807 533 iustitia
819 463 980 560 putabat,
1007 490 1026 539 a

61 564 151 637 vitae
169 563 433 653 consuetudine,
463 584 497 640 et
511 593 530 641 a
542 567 716 643 civitatum
735 571 883 646 moribus
905 573 1026 647 abhor-

63 672 189 754 rebant.
202 674 332 766 Quodsr
347 699 384 747 ea
398 675 617 772 probarentur
626 677 805 776 inpopusis
819 654 915 779 atqtie
925 685 959 755 in
972 686 1025 758 ci·
1040 714 1085 766 223

31 779 39 831 '-
65 785 241 872 vitatibus3
263 787 336 883 quis
354 787 439 877 tibi,
453 787 588 878 Crasse,
611 789 835 875 conceffisset,
849 789 1025 865 clarissimo

66 897 158 983 viro,
174 913 208 968 et
224 897 421 994 amplissimo
433 898 576 997 principi
595 899 759 989 civitatis,
778 915 814 989 ut
827 897 880 972 illa
899 899 1025 974 diceres

28 1014 44 1092 j
61 1003 97 1074 in
112 1005 257 1091 maxima
283 1006 448 1080 concione
462 1001 600 1078 tuonun
617 1007 761 1096 civium,
782 1029 866 1104 quae
888 1005 1023 1080 dixisti?

32 1168 37 1183 .
67 1120 183 1211 Eripite
199 1140 260 1188 nos
270 1144 311 1187 ex
325 1118 489 1210 :miseriim
502 1122 605 1213 eripite
617 1145 676 1189 nos
688 1147 729 1188 ex
735 1120 888 1210 furacibus
900 1144 1025 1204 eorum,

35 1212 41 1221 ¹
68 1235 370 1329 quomm‘crudedids
393 1232 494 1333 nestro
509 1234 670 1327 sangiune
684 1259 749 1302 non
761 1232 861 1332 potest
879 1230 1024 1325 expleti:

69 1347 158 1414 nolite
174 1343 269 1439 fincte
292 1371 351 1416 nus
375 1349 519 1439 cuiquam
529 1346 646 1438 servire
657 1397 668 1430 ,
681 1344 745 1443 tufi
752 1329 839 1416 vobis
851 1343 1023 1442 univerfis,

68 1456 173 1544 qut'bus
194 1451 227 1525 ὃ·
245 1453 408 1553 poffumus
430 1458 624 1525 cedebamus.
651 1452 784 1526 Omitto
797 1453 960 1544 miserias,
985 1451 1022 1521 in

66 1562 178 1658 quibus
191 1564 264 1653 ‚sut
288 1564 334 1638 illi
347 1564 463 1652 aiunt,
480 1564 534 1636 vir
548 1560 644 1634 fortis
657 1561 721 1635 esse
740 1584 810 1633 non
829 1558 954 1656 potest:
976 1583 1021 1631 o·

65 1670 158 1744 mitto
173 1673 288 1762 fauces
298 1723 310 1756 ‚
335 1695 377 1742 ex
390 1669 508 1768 quibus
519 1685 552 1769 te
565 1668 650 1765 eripi
662 1669 736 1760 vis,
762 1692 804 1740 ne
815 1667 942 1738 iudicio
955 1666 1021 1737 ini·

63 1806 132 1877 quo
155 1782 367 1865 exsorbeatur
395 1783 524 1880 sanguis
549 1799 624 1852 tuus
647 1780 775 1879 :.·quod
799 1778 935 1875 sapienti
960 1801 1020 1848 ne-
1073 1802 1075 1808 ·

62 1878 309 1987 gantaccidere
322 1895 438 1993 posse:
454 1898 570 1990 semite
588 1920 674 1969 vero
687 1920 757 1969 non
769 1895 875 1969 modo
886 1893 1019 1987 te,'sed

61 2005 249 2078 universum
270 2005 435 2100 senatum,
450 2008 541 2082 cuius
557 2027 629 2081 tum
645 2007 773 2080 causam
787 2005 916 2104 agebas,
924 1992 1019 2081 ausus

10 2158 13 2195 :
60 2138 92 2184 es
119 2115 260 2188 dicere?
284 2115 437 2189 Potestne
455 2117 582 2208 virtus,
616 2119 753 2205 Crasse,
779 2118 927 2207 servire,
952 2116 1018 2190 istis
1035 2138 1084 2190 226

60 2225 255 2310 auctoribus,
275 2251 420 2324 quorum
441 2244 478 2300 tu
503 2214 678 2326 praecepta
699 2227 842 2300 oratoris
865 2223 1019 2298 factdtate

59 2333 284 2430 complederis
304 2335 318 2407 i
344 2360 428 2432 quae
448 2353 481 2408 et
502 2337 656 2433 semper,
683 2353 717 2407 et
733 2334 801 2407 sola
820 2332 922 2404 libera
949 2331 1019 2422 est,

61 2462 228 2540 quaeque,
254 2443 376 2515 etiamsi
408 2469 552 2541 corpora
582 2459 677 2540 papta
707 2440 769 2514 smt
804 2434 927 2527 armis,
964 2457 1020 2513 aut

59 2548 230 2623 consttida
244 2545 406 2643 vinculis,
419 2576 530 2624 tamen
553 2550 645 2624 suum
658 2551 731 2641 ius,
749 2564 845 2646 arque
866 2546 1019 2623 omnium

38 2732 41 2736 .
58 2677 166 2732 rerum
186 2660 384 2758 impunitam
400 2661 591 2734 'libertatern
618 2680 727 2735 tenere
747 2660 872 2734 debeat.
919 2661 1019 2754 Quae
1131 2664 1134 2669 ’

60 2793 140 2843 veto
153 2771 398 2863 addidisti‚non
411 2774 516 2847 modo
525 2774 667 2847 senatum
678 2773 800 2848 servire
807 2770 893 2874 poffe
906 2797 1018 2868 popu·

57 2886 106 2978 sn,
120 2886 176 2959 std
194 2887 293 2960 etiam
306 2892 420 2977 debete,
433 2888 506 2984 quis
514 2887 580 2960 hoc
591 2887 803 2985 philosophus
813 2904 881 2958 tam
895 2885 1016 2976 mollis,

55 3014 123 3068 tam
135 2997 404 3096 languidus,tam
411 2996 598 3089 enervatus,
606 3023 675 3072 tam
683 2999 795 3070 omnia
807 2998 849 3069 ad
857 2996 1017 3092 volupta-

54 3107 288 3203 tem'eotpotis
302 3108 520 3206 doloremque
539 3107 707 3194 reserens,
734 3107 877 3204 probate
889 3107 1015 3204 podet?

53 3217 208 3290 Senatum
217 3247 220 3253 ·
229 3218 353 3292 servire
369 3218 506 3316 populo,
520 3219 576 3290 cui
588 3219 730 3316 populus
742 3218 809 3315 ipse
819 3218 1014 3293 moderandi

10 3418 12 3425 Ι
51 3345 85 3400 et
99 3330 236 3426 tegendi
245 3330 291 3403 sui
300 3331 505 3428 potestatem,
520 3329 609 3426 qnasi
621 3331 777 3426 quasdam
786 3329 937 3421 habenas,
946 3347 1013 3403 tta-

52 3439 204 3513 didisset?
219 3443 333 3538 Iraque
342 3443 422 3514 haec
432 3465 510 3513 cum
523 3455 582 3510 ate
591 3436 748 3512 divininrs
756 3463 821 3536 ego
830 3440 914 3512 dida
928 3440 1014 3511 arbi·
1033 3451 1079 3534 53‘

21 3573 25 3582 ·
51 3549 209 3640 traier,P.
218 3553 358 3626 Rutilius
367 3553 481 3639 Rufiu,
490 3551 596 3624 homo
606 3549 779 3642 donner
787 3549 1012 3649 philosophiae
1028 3580 1076 3631 227

51 3655 204 3753 deuius,
233 3691 301 3737 non
331 3652 436 3762 modo
455 3690 572 3762 parum
599 3665 799 3756 commode,
827 3660 883 3739 sed
913 3660 1021 3732 etiam¹
1050 3733 1053 3739 ,

50 3771 195 3868 turpiter
217 3793 250 3845 et
273 3771 432 3872 flagitiose
456 3772 541 3847 diua
575 3771 640 3844 esse
667 3773 808 3845 dicebar.
855 3768 1014 3904 Idemque
