2302 4304
391 286 699 363 BRUTUS.
949 316 1019 389 3&

22 440 206 548 quontm
217 471 286 524 etat
299 449 450 547 princeps
459 450 635 548 Menippus
650 411 924 558 Stratroricensrs,
942 477 1044 533 meo

60 561 204 652 iudicio,
228 579 298 634 tota
319 559 415 651 Asta,
448 561 509 633 illis
527 562 757 659 temporibus,
784 560 1018 638 disenitsmus:
1128 548 1131 561 ’

62 689 117 762 et,
139 671 262 744 srnihil
278 658 400 745 habere
427 667 674 763 molestiarum,
710 698 771 746 nec
801 672 1022 770 ineptiarum,

62 775 256 849 Atticorum
279 776 349 868 est,
385 777 440 850 hic
461 796 576 851 orator
595 779 631 851 in
658 725 722 853 illis
744 782 910 854 numerari
936 784 1023 855 rede

63 887 184 986 potest.
233 887 452 975 Alliduillrme
474 909 583 960 autem
612 913 743 962 mecum
764 887 826 960 fuit
841 888 1083 986 Dionyfius316

64 1001 216 1096 Magnes
233 999 596 1098 eratetiamAeschylus
605 999 760 1089 Cnidius,
778 996 1070 1124 Adramytenus

66 1109 251 1197 Xenocles
301 1109 345 1180 Hi
364 1129 435 1183 turn
454 1111 488 1181 in
505 1108 579 1182 nfia
600 1110 770 1182 rhetorum
788 1110 954 1207 principes
966 1134 1027 1189 nu·

64 1221 291 1296 merabantur.
341 1213 472 1315 Quibus
494 1245 564 1293 non
586 1238 784 1312 contentus,
802 1220 958 1293 Rhodum
969 1244 1027 1296 ve-

57 1331 125 1423 ni,
152 1356 271 1430 meque
283 1333 325 1405 ad
344 1334 509 1423 eundem,
539 1357 640 1430 quem
661 1332 790 1407 Romae
812 1332 1027 1416 audiveram,

66 1442 268 1531 Molonem,
290 1441 477 1539 applicavi,
501 1467 577 1514 curn
599 1442 743 1513 actorem
757 1440 791 1510 in
813 1440 900 1515 ve'tis
915 1439 1029 1527 causrs,

66 1551 329 1647 scriptoremque
358 1550 596 1647 praestantem,
620 1568 692 1623 tum
708 1551 744 1621 in
759 1549 912 1622 notandis
927 1550 1029 1623 anim·

55 1661 347 1758 ,advertendisque
371 1663 486 1753 vitiis,
520 1681 554 1735 et
588 1659 788 1749 instituendo
809 1660 1031 1758 docendoque

69 1775 368 1872 prudentiffimum.
394 1778 448 1855 ¹ls
463 1775 555 1869 dedit
568 1799 702 1871 operam
721 1771 764 1871 (st
785 1772 890 1844 modo
905 1770 940 1843 id
949 1797 1030 1846 con·

70 1882 167 1980 sequi
183 1882 310 1981 potuit)
338 1903 374 1956 ut
388 1884 484 1956 nimis
511 1885 728 1957 redundantes
757 1908 835 1971 nos,
859 1900 892 1953 et
915 1880 1029 1979 super·

71 1991 215 2066 fluentes
250 1995 386 2070 iuvenili
409 1999 550 2096 quadarn
571 1995 702 2070 dicendi
723 1997 914 2094 impunitate
933 2014 966 2069 et
985 1996 1028 2068 li-

70 2103 204 2195 centia,
229 2106 443 2203 reprimeret,
469 2127 503 2182 et
518 2109 613 2212 quasr'
624 2131 716 2180 extra
734 2109 820 2204 ripas
846 2107 1029 2182 diffluentes

71 2237 253 2288 coerceret.
303 2219 351 2287 lta
372 2219 480 2314 recepi
503 2244 556 2288 me
574 2218 708 2313 biennio
725 2217 824 2312 post,
841 2241 911 2288 non
923 2217 1030 2288 modo
1101 2272 1115 2318 ¹.

70 2319 295 2408 exercitatior,
307 2321 362 2395 sed
375 2348 480 2419 prope
494 2341 644 2393 mutatus.
658 2345 734 2392 nam
746 2339 779 2393 et
788 2321 961 2393 contentio
975 2321 1030 2392 ni-
1100 2322 1103 2328 ’

70 2431 142 2505 mia
152 2437 248 2508 vocis
261 2433 431 2524 reciderat,
447 2450 480 2505 et
494 2431 582 2529 quast
592 2429 773 2504 referverat
786 2428 1032 2523 oratio;lateri·

37 2572 40 2579 ·
71 2543 202 2640 busque
211 2544 317 2631 vires,
331 2566 364 2615 et
375 2540 513 2638 corpori
526 2540 702 2611 mediocris
710 2539 837 2611 habitus
845 2537 1033 2612 accesserat.
1106 2567 1109 2574 ’

123 2651 209 2722 Duo
222 2673 292 2724 tum
304 2652 505 2724 excellebant
526 2667 695 2738 oratores,
729 2649 786 2745 qui
809 2672 862 2719 me
883 2645 1031 2720 imitandi
1047 2674 1093 2750 92

74 2758 256 2854 cupiditate
284 2758 475 2842 incitarent,
492 2756 593 2829 Cotta
608 2768 643 2827 et
656 2753 849 2835 Hortenlius
864 2781 872 2827 ε
890 2780 1033 2855 quorum
1047 2788 1094 2840 ³¹7

72 2871 343 2957 alter-remissus,
366 2889 399 2942 et
411 2870 510 2959 lenis,
528 2886 561 2941 et
582 2867 726 2965 propriis
746 2846 857 2942 verlis
878 2891 1033 2963 compre·

73 2980 225 3060 hendens
238 2985 340 3057 solute
368 3006 401 3056 et
418 2982 511 3055 facile
534 2980 745 3067 sententiam3
772 2979 852 3051 alter
875 2999 1034 3068 ornatus,

74 3121 173 3186 acer,
195 3111 228 3169 et
239 3122 308 3169 non
320 3094 413 3181 talis,
439 3095 568 3190 qualem
582 3115 619 3166 tu
630 3118 732 3181 eum,
749 3090 874 3176 Bnue,
899 3089 965 3158 iam
978 3089 1035 3160 de·

74 3207 307 3282 florescentem
326 3206 535 3304 cognovisti,
560 3205 616 3278 sed
639 3204 820 3277 verborum
841 3215 874 3271 et
895 3198 1049 3275 athonis
1067 3194 1075 3203 ’

32 3314 35 3319 ’
73 3343 199 3417 genere
223 3316 438 3391 commotior.
500 3318 612 3410 ltaque
644 3336 719 3383 cum
754 3307 931 3382 Hortenfio
952 3309 1035 3383 mihi

74 3426 181 3524 magis
200 3424 379 3498 arbitrabar
397 3449 472 3498 rem
486 3420 574 3509 effe,
602 3416 695 3514 quod
716 3439 749 3489 et
763 3415 893 3490 dicendi
916 3418 1035 3488 ardore

65 3559 169 3608 ‚eram
182 3536 339 3633 propior,
366 3554 400 3607 et
417 3550 519 3609 aetate
535 3527 753 3604 conirmdior.
800 3525 929 3601 Etenim
941 3525 1036 3599 vide-

75 3670 174 3735 ram,
189 3646 224 3718 in
238 3648 351 3732 iisdem
366 3646 485 3735 causis,
497 3659 533 3715 ut
546 3664 609 3738 pro
624 3642 672 3712 M.
685 3637 870 3728 Canuleio,
894 3660 959 3732 pro
972 3636 1037 3714 Cn.
1127 3652 1130 3660 ’

74 3752 257 3853 Dolabella
275 3753 460 3843 consulari,
486 3775 562 3826 cum
580 3747 682 3822 Cotta
702 3746 856 3847 princeps
872 3743 1037 3840 adhibitus
