2304 4304
281 316 284 321 ’
376 317 684 392 BRUTUS
861 339 1015 420 ,tq

42 479 123 549 erat
153 474 325 568 indollus,
350 479 548 552 nectardus
579 480 621 551 ad
641 475 919 578 excogitandum,
951 505 1015 556 nec

43 589 282 660 Romanaium
308 613 419 660 terum
444 589 650 678 immemor,
683 603 730 658 et·
752 584 862 660 verbis
889 584 1015 659 solutus

46 699 137 772 satis.
180 700 235 772 sed
254 700 289 771 in
304 725 444 799 magnos
463 714 612 771 oratores
634 698 793 769 inciderat
817 695 886 769 eius
908 712 1013 770 aetas:

47 813 192 885 multam
211 830 322 885 tamen
340 837 478 910 operam
495 812 629 903 amicis,
653 833 687 884 et
707 809 822 883 utilem
842 809 1015 906 praebuit;

49 941 154 1017 atque
172 921 217 992 ita
233 920 291 993 diu
315 921 420 1010 vixit,
447 937 484 992 ut
503 921 681 993 multarum
704 935 847 994 aetatum
870 917 1016 990 oratori·

50 1032 115 1106 bus
134 1033 373 1131 implicaretur,
404 1018 545 1106 multum
566 1032 665 1105 etiam
687 1029 721 1101 in
743 1010 843 1102 caulis
864 1028 1015 1101 versare—⁶

50 1161 117 1220 tur.
166 1146 285 1218 lisdem
317 1146 387 1221 sere
414 1147 621 1244 temporibus
649 1147 696 1218 D.
719 1145 862 1247 Brutus,
886 1141 931 1232 is,
956 1142 1014 1239 qui
1033 1174 1075 1225 175

52 1252 168 1326 consul
186 1280 263 1327 curn
276 1259 449 1328 Mamerco
467 1254 552 1344 fuit,
577 1252 683 1329 homo
701 1268 734 1323 et
745 1250 882 1323 Graecis
897 1249 1015 1322 dodus

51 1359 154 1435 literis
174 1382 208 1435 et
232 1363 364 1438 Latinis.
413 1362 557 1441 Dicebat
579 1360 677 1433 etiam
691 1362 727 1430 L
745 1357 856 1454 Scipio
875 1383 946 1430 non
955 1359 1014 1431 im·

51 1474 181 1568 perite:
206 1474 401 1578 §meusque
430 1473 623 1571 Pompeius,
645 1470 734 1542 Sexti
752 1467 855 1557 filius,
869 1468 1013 1574 aliquem

51 1606 229 1655 numerum
244 1584 423 1658 obtinebat
445 1609 520 1655 num
541 1585 676 1669 Sextus,
699 1581 797 1654 frater
816 1580 897 1670 eius,
913 1605 1013 1677 prae-

51 1691 280 1765 stantiffimum
301 1692 470 1791 ingenium
491 1690 675 1764 contulerat
696 1691 737 1762 ad
760 1691 918 1762 summam
932 1689 1013 1762 iuris

51 1802 180 1894 civilis,
194 1820 228 1874 et
247 1802 288 1873 ad
308 1801 484 1899 perfellam
505 1801 718 1900 geometriae,
737 1817 771 1872 et
789 1824 901 1871 rerum
923 1799 1013 1871 Stoi·

51 1936 168 1984 carum
188 1910 368 1986 scientiam.
417 1914 499 1984 lrem
520 1910 556 1983 in
587 1913 680 2001 iure,
718 1928 751 1984 et
776 1932 850 1983 ante
872 1910 935 1983 hos
962 1913 1012 1995 M,

50 2018 189 2106 Brutus,
213 2036 247 2091 et
265 2019 365 2114 pardo
387 2017 463 2114 post
483 2039 560 2091 eum
583 2020 624 2091 C.
646 2020 805 2110 Bilienus,
829 2021 934 2091 homo
950 2044 1011 2116 per

50 2126 84 2198 se
104 2153 259 2225 magnus,
284 2151 391 2223 prope
414 2126 508 2199 simili
527 2128 656 2199 ratione
680 2129 825 2202 summus
849 2127 1011 2214 evaseram
1040 2165 1045 2169 ·

49 2237 111 2334 qui
130 2236 244 2310 consul
267 2227 490 2326 falluseffet‚
525 2238 584 2309 nist
608 2238 644 2308 in
666 2239 837 2311 Marianos
859 2239 1010 2312 consula·

50 2363 128 2434 ωε,
152 2361 185 2417 et
211 2345 319 2417 ineas
345 2345 513 2443 petitionis
538 2344 699 2443 angustias
724 2345 897 2418 incidilset.
945 2345 1075 2428 Cn.>176

49 2473 162 2527 autem
189 2439 321 2528 Octavii
354 2453 563 2551 eloquentia,
599 2469 682 2551 qua'e
699 2454 806 2530 fuerat
827 2473 903 2528 ante
927 2480 1009 2529 con·

48 2559 188 2632 sulatum
209 2560 380 2659 ignorata,
404 2561 440 2633 in
466 2560 635 2635 consulatu
658 2562 1009 2655 mtdtisconcionibus

48 2669 99 2743 est
114 2672 331 2748 vehementer
352 2675 503 2772 probata.
551 2675 615 2748 Sed
634 2676 675 2750 ab
690 2677 767 2767 eis,
796 2676 854 2775 qui
880 2695 1008 2751 tantum

48 2780 85 2853 in
108 2781 286 2856 dicentium
309 2796 467 2875 numero,
494 2810 563 2859 non
584 2787 619 2858 in
639 2792 835 2878 oratorum,
852 2787 1007 2883 fuerumt,

47 2889 117 2963 iam
138 2889 180 2964 ad
199 2914 349 2967 oratores
371 2917 586 2972 revertamur.
635 2899 782 2990 Censeo,
814 2901 921 2998 inquit
943 2904 1007 2974 At·

46 2998 143 3071 ticus.
166 3002 358 3100 eloquentes
377 3005 465 3077 enim
487 3005 662 3099 videbare,
687 3033 757 3120 nup
777 3005 904 3080 sedtdos
921 3008 1006 3081 velle
1055 3083 1075 3108 ,Α

47 3109 261 3206 conquirere.
852 3145 855 3150 ·
1035 3110 1038 3113 ’

44 3287 47 3292 .
98 3219 284 3296 Festivitate
308 3225 427 3324 igitur,
458 3245 498 3299 et.
518 3227 662 3318 facetiis,
694 3227 853 3326 inquam,
890 3229 930 3302 C.
949 3229 1005 3302 Iu·
1019 3222 1068 3321 ¹48

45 3329 111 3404 l‘ius
122 3385 132 3422 ,
145 3332 271 3408 Llilius
281 3389 292 3425 ,
303 3360 336 3409 et
351 3337 572 3434 superioribus
581 3359 614 3411 et
623 3326 808 3437 aequalibus
821 3340 883 3414 suis
896 3344 1004 3420 omni·
1024 3359 1081 3415 ¹77⁴

45 3445 111 3519 bus
130 3449 291 3543 praestitit
317 3478 326 3522 τ
351 3470 530 3550 oratorque
557 3452 619 3525 fuit
637 3453 772 3526 minime
792 3454 845 3526 ille
869 3455 1005 3552 quidem
1037 3483 1048 3526 t

45 3561 256 3654 vehemens,
286 3564 342 3636 sed
361 3582 468 3636 'nemo
494 3589 639 3662 unquam
665 3566 865 3652 urbanitate,
901 3589 1002 3637 nemo

44 3668 186 3765 lepore,
211 3696 313 3745 nemo
332 3672 489 3746 suavitate
516 3672 694 3745 conditior.
745 3675 827 3745 Sunt
852 3672 921 3745 eius
941 3671 1003 3744 ali-

45 3794 132 3877 quot
156 3778 345 3875 orationes,
374 3804 417 3851 ex
435 3768 573 3878 quibus,
600 3779 682 3855 licut
704 3805 746 3854 ex
763 3779 910 3861 eiusdem
933 3789 1009 3855 tra-¹¹
