2302 4304
384 288 697 373 BRUTUs
962 325 1025 399 κῃ

55 460 101 535 ris
131 444 672 567 oppornmitaterffeneuolentia
698 457 833 554 potius,
851 486 949 558 quam
964 463 1032 541 mi·

57 572 244 644 sericordia
267 573 530 670 prosequamur,
557 593 594 646 ut
614 575 874 672 quotiescunque
891 576 931 649 de
963 579 1031 651 cla-

60 684 192 757 rissimo
217 708 249 777 et
275 684 458 758 beatiffimo
498 685 575 758 viro
611 686 820 783 cogitemus,
846 687 935 759 illum
968 716 1033 786 po·
1099 740 1103 745 »

62 797 154 885 tius,
178 823 278 895 quam
304 797 541 892 nosmetipsos,
557 798 692 895 diligere
710 799 893 870 videamur.
921 799 1007 869 Nam
1021 827 1054 901 ,²⁵

62 902 87 973 fi
112 904 147 974 id
173 905 346 988 dolemus,
369 906 462 1001 quod
488 929 530 975 eo
549 905 613 976 iam
633 903 699 975 frui
727 905 824 977 nobis
851 929 921 976 non
935 905 1033 991 licet;

64 1012 214 1085 nostrum
234 1015 279 1086 est
317 1016 351 1085 id
378 1015 500 1086 malum
514 1041 525 1100 ;
540 1015 632 1110 quod
656 1014 787 1092 modice
809 1014 975 1105 feramus,
989 1043 1032 1089 ne

61 1123 97 1195 id
122 1149 194 1196 non
221 1125 263 1196 ad
289 1124 492 1208 amicitiam,
517 1123 572 1195 sed
595 1125 636 1195 ad
658 1122 871 1196 domesticam
904 1125 1030 1205 utilita-

64 1251 129 1305 tem
141 1233 268 1306 referte
278 1229 459 1308 uideamur.
474 1232 532 1322 sm,
544 1251 700 1328 tanquam
714 1229 760 1301 illi
774 1229 832 1326 ipsi
844 1231 1030 1304 acerbitatis
1099 1299 1102 1304 ,

63 1341 185 1438 aliquid
214 1341 371 1415 acciderit
386 1395 396 1429 ,
410 1340 561 1437 angimur
577 1365 588 1425 3
607 1341 768 1412 summam
794 1340 863 1412 eius
887 1340 1028 1413 felicita·

63 1474 131 1529 tem
158 1480 228 1526 non
252 1455 334 1530 satis,
351 1471 446 1550 grato
472 1451 584 1524 animo
608 1449 873 1544 interpretamur.
895 1454 1061 1549 Etenimz

60 1565 85 1636 st
107 1567 240 1639 viveret
263 1569 308 1658 Q.
331 1561 548 1650 Hortenfius,
572 1583 681 1632 cetera
706 1559 840 1634 fortaffe
864 1561 1026 1635 desidera·
1039 1577 1068 1626 6·

61 1699 111 1751 ret
141 1706 208 1760 una
246 1704 321 1751 cum
344 1677 476 1774 reliquis
508 1676 605 1748 bonis
632 1696 665 1747 et
699 1673 842 1748 fortibus
878 1676 1044 1764 civibus}
1072 1664 1075 1670 ⁴

61 1784 149 1856 hunc
174 1807 284 1860 autem
311 1804 441 1883 praeter
472 1807 621 1874 ceteros,
649 1802 704 1855 aut
730 1811 805 1876 cum
832 1786 945 1881 paucis
972 1786 1034 1872 su*
1095 1785 1097 1790 ’

60 1892 195 1968 stineret
209 1897 382 1986 dolorem,
397 1921 473 1967 cum
488 1895 601 2000 forum
617 1895 733 1992 populi
755 1896 921 1987 Romani,
935 1899 1029 1996 quod

61 2004 172 2077 fuillet
196 2007 284 2104 quasi
302 2000 468 2079 theatrum
489 2005 573 2078 illius
593 2003 739 2102 ingenii,
761 2031 849 2080 voce
875 2009 1028 2096 erudita,

60 2136 93 2186 et
118 2117 278 2188 Romanis
305 2115 503 2212 Graecisque
542 2112 673 2185 auribus
707 2112 829 2208 digna,
851 2110 1027 2206 spoliatum
1088 2120 1117 2164 l''

59 2249 160 2323 atque
188 2227 342 2299 orbatum
381 2225 520 2300 videret.
558 2222 722 2319 Equidem
750 2243 855 2316 angor
889 2221 1002 2290 animo
1016 2249 1056 2304 ‚⁷

61 2363 132 2408 non
157 2336 308 2425 confilii,
341 2362 411 2408 non
438 2332 589 2431 ingenii,
615 2354 684 2400 non
704 2328 905 2399 audloritatis
930 2329 1030 2400 armis

59 2470 160 2542 egere
184 2445 448 2542 rempublicam,
471 2467 557 2538 quae
578 2438 757 2509 didiceram
788 2438 948 2526 tradate,
963 2436 1033 2535 qni·
1057 2505 1059 2509 Α

60 2555 186 2652 busque
216 2582 270 2628 me
305 2556 557 2640 assuefeceram,
572 2561 727 2648 'quaeque
761 2569 854 2625 erant
894 2552 1031 2648 propria

60 2686 140 2734 cum
167 2663 357 2760 praestantis
382 2663 417 2735 in
443 2662 613 2758 republica
634 2660 724 2748 viri,
742 2681 813 2735 tum
838 2664 923 2735 bene
938 2732 940 2735 .
954 2684 1031 2736 mo'-

60 2794 151 2847 ratae
170 2795 204 2849 et
230 2777 313 2848 bene
338 2774 535 2849 constitutae
561 2774 714 2846 citantis.
748 2774 877 2873 Quodsi
902 2775 968 2850 fuit
995 2775 1030 2848 in
1109 2835 1115 2847 .

58 2882 230 2978 republica
241 2903 372 2979 'tempus
387 2882 488 2954 ullum
500 2936 511 2968 ,
524 2909 601 2954 cum
623 2906 824 2983 extorquere
843 2910 934 2958 arma
957 2885 1030 2981 pos·
1063 2904 1066 2909 ·

59 2991 150 3064 sete
175 2992 326 3063 manibus
352 2991 513 3064 iratorum
533 2993 682 3083 civium,
709 2994 790 3066 boni
813 2996 895 3069 civis
916 2999 1031 3068 audo-

60 3100 140 3172 ritas
163 3117 198 3171 et
224 3100 335 3172 oratio
349 3123 371 3184 ·;
403 3121 473 3170 tum
506 3097 662 3195 profedo
703 3099 785 3187 fuit,
809 3129 885 3175 cum
912 3125 1031 3200 patro·
1135 3150 1138 3156 ·

59 3207 186 3300 cirrium
211 3205 300 3303 pacis
327 3204 493 3278 exclusum
521 3205 567 3277 est
603 3226 658 3279 aut
681 3233 795 3281 errore
827 3208 1054 3302 hominum,

58 3330 117 3384 aut
140 3302 340 3391 dinorerlta
357 3311 598 3409 nobismetipsis
619 3309 805 3404 accidit,ut
828 3329 1079 3418 quamquame‘

59 3423 167 3497 elsent
193 3425 300 3498 multo
323 3425 427 3522 magis
453 3425 515 3496 alia
532 3426 697 3524 lugenda,
724 3449 835 3519 tamen
869 3433 936 3506 hoc
963 3435 1029 3504 do'-
1084 3505 1087 3511 ,

58 3531 203 3634 letemus
218 3586 229 3621 ,
243 3533 357 3630 quod,
377 3556 447 3630 quo
459 3549 610 3629 tempore
625 3554 712 3606 aetas
728 3535 839 3618 nostra
859 3532 1030 3634 perfimda
1054 3624 1057 3629 ι

58 3644 159 3715 rebus
181 3640 403 3740 ampliffimis,
424 3665 582 3739 tanquam
607 3642 642 3714 in
675 3656 812 3740 portum
849 3644 1031 3742 confligere
1134 3656 1137 3663 ’

57 3758 222 3850 deberet,
254 3783 325 3832 non
358 3759 519 3851 inertiae,
541 3783 649 3860 neque
674 3760 850 3931 ‘desidiqffi
876 3755 1029 3851 sed<·³ori

181 3877 185 3885 .
839 3883 858 3956 3
880 3909 884 3915 Δ
