2302 4304
160 261 268 399 194'
397 296 902 409 bronurone

120 472 123 477 '
157 461 218 532 bus
232 457 343 532 'causae
357 458 512 543 sumenda
522 457 603 530 sunt.
618 457 744 530 idcirco
752 476 824 530 tota
833 457 926 532 causa
938 480 1122 558 pertentata

28 598 49 614 ³
156 586 254 665 atque
264 567 439 664 perspecta,
453 567 535 638 locis
552 566 705 638 omnibus
718 567 877 653 inventis,
891 587 991 667 atque
1003 571 1122 645 instru-

156 674 227 760 ctis,
236 671 509 744 considerandum
518 672 576 759 est,
587 695 658 767 quo
669 672 835 768 principio
845 674 883 746 su
892 678 1063 751 utendum.
1075 680 1119 754 sic

89 816 139 880 3¹9
156 802 188 855 et
197 783 291 855 facile
303 782 494 879 reperietur.
506 784 680 852 Sarmentur
698 782 787 854 enim
800 810 842 856 ex
852 785 891 857 iis
905 788 1016 879 rebus,
1029 815 1116 887 quae

88 969 92 976 ,
155 912 253 966 erunt
266 891 451 965 uberrimae
462 891 517 965 vel
530 891 565 991 in
579 892 798 987 argumentis,
825 893 880 967 uel
901 893 936 966 in
953 895 993 968 iis
1007 898 1114 994 parti-

155 1006 243 1095 bus,
271 1005 313 1076 ad
335 1029 415 1102 quas
441 1001 511 1073 dixi
536 1000 671 1098 degredi
689 1001 783 1097 saepe
796 1027 963 1099 oportere.
1015 1011 1062 1079 Ita
1083 1027 1117 1082 et

153 1116 318 1199 momenti
331 1112 454 1212 aliquid
467 1111 625 1202 afferent,
652 1138 730 1185 cum
743 1130 839 1184 erunt
854 1139 958 1209 paene
972 1141 1017 1188 ex
1038 1117 1116 1190 inti·

128 1246 134 1257 “
154 1250 210 1305 ma
231 1223 419 1297 defensione
434 1223 647 1318 deprompta,
667 1244 700 1293 et
726 1222 894 1318 apparebit
908 1247 946 1294 ea
960 1249 1032 1296 non
1045 1251 1115 1296 mo

63 1366 67 1377 ·
138 1337 201 1407 ·do
227 1361 297 1406 non
312 1331 382 1404 effe
407 1331 626 1432 commtmia,
660 1331 781 1402 necin
802 1332 877 1403 alias
897 1333 1008 1407 causas
1023 1337 1115 1432 posse

101 1440 121 1458 ”
154 1443 348 1532 transferri,
370 1441 425 1513 sed
446 1441 575 1538 penitus
594 1466 686 1513 exea
700 1441 811 1530 causa,
832 1469 916 1567 quae
944 1463 1018 1519 tum
1042 1474 1116 1547 aga·

87 1579 135 1653 79
154 1564 235 1637 tur,
259 1549 443 1624 effloruisse.
493 1552 606 1622 Omne
631 1568 740 1622 autem
762 1552 962 1649 principium
985 1574 1043 1640 aut
1067 1559 1127 1631 rei.

85 1691 135 1742 320
154 1662 273 1752 totius,
295 1685 379 1760 quae
402 1681 536 1758 agetur,
572 1658 843 1757 fignificationem
869 1663 990 1736 habere
1014 1667 1117 1739 debe·

153 1773 215 1864 bit,
230 1791 285 1846 aut
312 1773 436 1845 aditum
450 1773 492 1843 ad
510 1772 638 1850 causam
652 1790 685 1843 et
698 1774 929 1865 munitionem,
938 1795 994 1849 aut
1009 1780 1116 1876 quod·

153 1880 231 1950 dam
256 1897 487 1951 ornamentum
506 1898 540 1952 et
558 1880 762 1977 dignitatern.
810 1882 874 1953 Sed
887 1905 1052 1979 oportet,
1078 1907 1115 1961 ut

69 2035 77 2042 —
152 1989 286 2062 aedibus
300 2016 337 2062 ac
355 1991 484 2086 templis
497 1990 655 2064 vestibula
671 2010 703 2063 et
716 1992 838 2082 aditus,
856 1992 899 2066 sic
911 1995 1115 2094 causrsprin·

152 2096 239 2193 cipia
261 2097 482 2193 proportione
508 2121 620 2168 rerum
652 2124 864 2194 praeponere.
936 2107 1051 2200 Itaque
1079 2105 1115 2177 in

152 2203 266 2301 parvis
277 2225 376 2302 atque
387 2205 422 2276 in
431 2204 657 2302 frequentibus
667 2207 766 2279 causis
778 2208 819 2279 ab
832 2207 899 2304 ipsa
911 2233 948 2279 re
957 2209 1005 2280 est
1018 2236 1115 2284 exor-

85 2345 132 2400 321
152 2316 216 2388 diri
228 2317 322 2412 saepe
336 2316 557 2389 commodius.
606 2318 669 2388 Sed
681 2343 757 2389 cum
772 2319 834 2390 erit
848 2321 1007 2392 utendum
1027 2325 1115 2418 prin-

153 2427 242 2523 cipio
261 2425 372 2525 (quod
385 2429 578 2524 plerumque
592 2425 673 2526 erit)
688 2444 743 2498 aut
762 2444 877 2511 exreo
888 2455 902 2518 ¹,
928 2450 985 2500 aut
994 2455 1037 2502 ex
1050 2435 1112 2506 ad-

36 2613 39 2617 ,
153 2539 318 2629 versari0,
340 2561 395 2611 aut
419 2566 533 2628 exre,
559 2557 615 2611 aut
637 2565 679 2611 ex
697 2539 764 2628 eis,
791 2541 877 2637 apud
892 2565 976 2638 quos
990 2544 1112 2640 agitur,

151 2647 325 2720 sententias
343 2649 549 2721 ducilicebit.
575 2653 627 2721 Ex
644 2674 726 2740 reo,
751 2650 844 2749 (reos
856 2653 1001 2748 appell0‚
1028 2682 1111 2753 quo

101 2752 113 2777 ²
151 2778 305 2824 rumrcs
304 2752 358 2823 est
366 2752 398 2850 )
428 2779 512 2851 quae
536 2745 765 2850 significent
731 2784 841 2829 virum
855 2760 979 2830 bonum
988 2788 1111 2860 ,quae

124 2893 129 2900 ·
151 2863 335 2952 liberalem,
349 2888 432 2960 quae
442 2864 684 2956 calamitosum,
699 2891 782 2964 quae
796 2813 1020 2941 misericordia
1032 2870 1107 2970 dig-

115 3036 117 3039 .
153 2998 252 3062 num,
279 2996 363 3068 quae
384 2970 514 3043 valeant
540 2968 656 3042 co'ntra
685 2971 795 3044 falsam
817 2973 1108 3050 criminationem.

85 3104 135 3161 322
152 3103 196 3150 ex
220 3076 431 3167 adversario,
462 3077 576 3148 iisdem
594 3103 636 3148 ex
653 3077 735 3150 locis
757 3078 825 3150 sere
851 3082 1026 3154 contraria.
1054 3086 1107 3156 Ex

52 3187 127 3237 ’Ἴ
151 3185 1107 3282 re,s1crudelis,s1insandasrpraeteroprnronem‚s1

152 3297 341 3379 immerito,
361 3293 534 3384 simisera,
558 3296 739 3392 fiingrata,
761 3297 948 3395 stindigna,
963 3299 988 3369 fi
1002 3325 1106 3387 nova,

152 3404 177 3478 st
194 3428 276 3500 quae
295 3403 420 3475 restitui
438 3348 606 3501 sanarique
625 3431 695 3476 non
717 3407 835 3501 poffit:
862 3433 904 3479 ex
917 3407 957 3480 iis
970 3429 1106 3501 autem,

40 3560 43 3565 -
153 3515 239 3613 apud
253 3538 337 3610 quos
357 3533 485 3610 agetur,
503 3534 540 3587 ut
553 3518 735 3590 benevolos
750 3520 901 3615 beneque
912 3518 1104 3593 existiman-

110 3630 111 3633 ’
153 3648 201 3702 tes
214 3626 412 3698 efficiamus:
436 3626 529 3721 quod
543 3628 672 3723 agendo
686 3629 825 3702 efficitur
843 3628 973 3718 melius,
1003 3655 1107 3727 quam

153 3736 314 3834 rogando.
363 3730 418 3804 Est
432 3732 468 3806 id
489 3734 623 3831 quidem
640 3736 676 3810 in
688 3756 793 3810 totam
816 3738 1006 3811 orationem
1018 3761 1106 3816 con·
1141 3739 1144 3744 ’
