2302 4304
328 296 699 372 ‘LIBERIL
785 404 787 417 Ι
965 322 1028 374 121

63 486 109 534 ex
131 485 173 532 re
195 455 347 531 familiari
360 454 454 548 mea,
474 480 507 530 et
525 456 559 528 in
573 458 655 549 illo,
676 482 799 549 exeo,
827 459 918 556 quod
939 459 1033 553 dico,'

10 640 12 645 .
61 571 265 672 quanttdum
281 571 315 645 id
328 596 458 669 ctmque
472 569 538 660 est,
558 570 639 669 quid
656 570 775 656 faciam
802 569 939 645 iudicari
962 597 1029 669 po·
1100 638 1104 644 .

62 677 139 750 test.
190 681 300 776 Atque
311 676 376 749 effe
388 698 497 748 tamen
522 677 643 750 multos
660 678 829 762 videmus,
849 679 906 774 qui
920 680 1027 752 nemi·
1045 696 1078 763 9⁸

63 810 145 856 nem
160 782 349 872 imitemin,
374 803 407 858 et
419 784 529 882 suapte
543 804 678 875 natura,
705 785 798 882 quod
815 785 938 876 velint,
962 786 1030 863 sine

64 895 260 992 cuiusquam
282 895 489 969 similitudine
513 897 775 995 consequantur:
819 900 911 996 quod
935 920 968 973 et
993 901 1028 976 in

62 1003 170 1074 vobis
180 1006 397 1079 animadverti
417 1008 504 1079 rede
524 1006 655 1104 potest,
679 1005 818 1096 Caesar,
852 1027 884 1078 et
900 1008 1031 1096 Cotta;

64 1136 215 1208 quorum
238 1114 317 1187 alter
334 1114 521 1187 inusttatum
546 1115 679 1213 quidem
706 1114 823 1190 nostris
840 1117 1029 1194 oratoribus

65 1223 220 1318 leporem
245 1227 407 1321 quendam
430 1246 464 1299 et
489 1225 613 1315 selem,
651 1226 731 1300 alter
751 1227 965 1301 acutissimum
993 1249 1028 1303 et

65 1331 305 1405 subtilissimum
320 1336 449 1411 dicendi
474 1362 576 1434 genus
595 1337 641 1411 est
660 1341 860 1415 consecutus.
909 1344 1028 1440 Neque

65 1470 155 1517 vero
170 1445 278 1519 vester
292 1449 432 1546 aequalis
453 1450 582 1538 curio,
608 1472 724 1548 patre,
753 1480 825 1526 mea
848 1455 1026 1547 sententia,

64 1558 123 1629 vel
141 1559 406 1658 eloquentissimo
422 1564 626 1659 temporibus
640 1566 717 1656 illis,
742 1592 940 1666 quemquam
959 1570 1024 1642 rni-

63 1676 101 1748 hr'
128 1687 332 1776 magnopere
355 1676 488 1755 viderur
510 1681 647 1756 imitari:
664 1724 667 1729 ·
686 1683 745 1779 qui
768 1701 878 1754 tamen
899 1683 1024 1756 verbo-

63 1816 149 1863 rum·
158 1794 339 1890 gravitate,
365 1815 399 1867 et
421 1795 600 1892 elegantia,
619 1812 651 1866 et
672 1795 789 1891 copia,
810 1794 899 1867 suam
916 1818 1023 1891 quan-

64 1904 144 1976 dam
165 1906 318 2003 expressit
343 1907 432 2005 quafi
449 1906 618 1997 formam,
641 1905 843 2005 figuramque
873 1906 1024 1980 dicendis

63 2015 160 2110 quod
183 2040 249 2114 ego
261 2015 404 2088 maxime
417 2016 511 2112 potui
524 2015 667 2088 iudicare
681 2016 715 2087 in
729 2042 766 2088 ea
789 2015 902 2105 causa,
922 2040 1023 2113 quam

64 2122 118 2195 ille
134 2141 252 2199 contra
265 2149 318 2196 me
331 2124 417 2220 apud
432 2125 656 2197 centumviros
670 2150 733 2220 pro
747 2124 902 2210 fratribus
914 2121 1022 2194 coffis

63 2222 169 2317 dixi't3
195 2230 307 2328 inqua
327 2232 408 2306 nihil
426 2231 471 2302 illi
489 2231 612 2321 defuit,
645 2233 737 2330 quod
756 2258 826 2304 non
843 2232 948 2302 modo
962 2254 1023 2303 co·

63 2340 202 2436 piosus‚
224 2341 278 2413 sed
299 2341 398 2414 etiam
417 2339 540 2437 sapiens
553 2357 668 2412 orator
697 2339 816 2410 habere
831 2339 975 2409 deberet.

114 2458 242 2527 Verum
250 2487 276 2541 ,·
292 2472 327 2525 ut
350 2453 526 2550 aliquando
552 2453 593 2523 ad
620 2450 727 2524 causas
761 2450 957 2522 deducamus
982 2449 1022 2522 il-
1041 2497 1087 2567 24

64 2567 158 2652 lum,
182 2591 284 2664 quem
301 2565 515 2651 instituimus,
539 2587 572 2636 et
594 2589 646 2636 eas
658 2565 818 2662 quidem,
843 2565 878 2637 in
904 2566 1021 2663 quibus
1036 2611 1072 2663 99

64 2676 248 2773 plusculum
265 2677 389 2773 negotii
414 2675 481 2765 esi,
500 2675 740 2771 iudiciorum,
770 2699 866 2774 atque
884 2666 988 2751 litium
1007 2733 1020 2770 ,
1115 2740 1126 2765 ,

36 2875 39 2880 ¹
67 2789 208 2888 (riserit
229 2788 342 2886 aliquis
364 2787 496 2862 sortasse
524 2787 590 2860 hoc
609 2808 837 2885 praeceptum:
861 2790 908 2863 est
930 2792 1020 2866 enim

61 2921 214 2975 nontam
231 2923 384 2989 acutum,
397 2925 494 2997 quam
510 2898 742 2989 necessarium,
760 2894 929 2997 magisque
939 2926 1018 2973 mo-

62 3014 184 3086 nitoris
205 3038 275 3104 non
292 3011 399 3101 fatui,
435 3011 672 3109 quameruditi
698 3009 876 3108 magistri:)
906 3014 973 3085 hoc
988 3011 1019 3083 ei

60 3129 208 3225 primum
222 3126 478 3227 praecipiemus,
504 3148 713 3222 quascunque
739 3121 846 3196 causas
860 3123 922 3195 erit
934 3127 1019 3196 adu·

61 3263 133 3321 rus,
150 3232 264 3311 ut'eas
286 3236 480 3334 diligenter,
495 3231 686 3330 penitusque
704 3231 892 3331 cognoscat.
940 3237 1018 3310 Hoc
1036 3261 1083 3300 10·

60 3347 96 3417 in
114 3347 279 3418 ludo‘non
299 3344 507 3442 praecipitur.
531 3341 641 3415 facites
655 3346 742 3416 enim
758 3345 869 3417 causae
883 3346 922 3417 ad
937 3373 1018 3444 pue-

61 3483 120 3528 ros
133 3458 333 3530 deserunnrr.
390 3461 459 3529 Lex
481 3454 689 3551 peregrinum
713 3475 804 3529 vetat
829 3456 864 3528 in
885 3482 1016 3528 murum

61 3559 280 3639 adscendere:
306 3567 492 3639 adscendit:
517 3565 624 3638 hostes
664 3568 804 3663 repulit:
837 3567 1016 3641 accusatur.

61 3676 155 3746 Nihil
165 3677 211 3748 est
225 3679 350 3773 negotii
362 3678 550 3750 huiusmodi
563 3677 688 3752 causam
702 3677 912 3775 cognoscere.
926 3677 1015 3743 Rec-

59 3806 97 3858 te
122 3785 222 3885 igitur
244 3788 326 3861 nihil
347 3789 388 3867 de
405 3788 498 3866 causa
514 3788 663 3867 discenda
689 3785 904 3885 praecipiunt.
935 3781 1016 3860 haec
1130 3855 1132 3859 .
