2302 4304
820 62 832 95 Χ

161 280 229 353 226
396 277 486 351 DE
531 276 899 352 ORATORE

136 450 139 457 ’
159 439 249 512 enim
268 438 375 536 ipsum
395 440 551 514 volumus
560 492 574 529 ,
600 439 698 538 idque
715 440 741 513 fi
761 439 904 527 feceris,
928 435 1034 510 multa
1048 433 1125 536 (ut

71 610 76 625 ,
110 569 143 616 47
160 548 329 649 arbitror)
353 550 407 623 hic
423 550 523 624 hodie
541 552 623 637 vitia
647 578 819 650 ponemus.
857 557 903 628 At
928 554 1020 627 enim
1042 579 1115 625 nou

160 660 225 733 sne
239 687 317 734 meo
331 661 503 759 perinde,
518 663 648 736 Crasstn
656 665 762 762 inquit
770 721 783 754 ‚
797 665 926 763 pollum
940 663 1087 762 ,Sulpici
1098 716 1113 751 ,

159 789 193 845 te
214 772 473 869 reprehendere,
499 773 657 870 quoniam
679 775 843 848 Antonius
869 774 951 846 mihi
963 795 998 846 te
1013 772 1113 845 sinul-

160 880 275 954 limtun
289 881 372 954 dixit
391 881 450 953 fibi
467 882 583 955 rideri.
618 882 707 956 Tum
729 885 909 972 ille,Ttmt
929 885 1024 984 quod
1039 876 1109 957 mo

49 1040 52 1045 -
161 991 234 1063 nuit
251 991 361 1074 idem,
378 1009 415 1062 ut
429 1014 492 1087 ea,
514 1016 596 1088 quae
621 991 655 1064 in
678 1018 814 1092 quoque
835 996 979 1067 maxima
997 995 1124 1080 effent„

148 1097 364 1176 dirimemur
383 1121 392 1167 ι
418 1122 461 1169 ex
477 1123 547 1195 quo
564 1125 705 1190 vereor,
723 1126 764 1173 ne
789 1101 870 1174 nihil
888 1101 1016 1174 snn'tui
1029 1157 1040 1192 ‚
1054 1102 1108 1174 nisr

161 1207 402 1305 supplosionem
427 1209 544 1303 pedis,
569 1211 735 1302 imitatus,
760 1234 794 1285 et
819 1238 921 1309 pauca
951 1215 1107 1310 quaedam

162 1319 286 1405 verba,
308 1337 341 1387 et
358 1315 523 1413 aliquem,
551 1319 576 1390 fi
601 1319 709 1411 forte,
741 1341 879 1393 motum.
917 1320 1012 1420 Ergo
1035 1323 1106 1413 ista,

160 1431 269 1529 inquit
288 1428 439 1520 Crassus,
453 1457 536 1528 quae
554 1433 654 1505 habes
676 1459 694 1504 a
714 1461 787 1524 me,
799 1460 868 1507 non
887 1436 1104 1531 reprehendo,

161 1567 203 1614 ne
230 1541 388 1638 meipsum
410 1541 576 1614 irrideam.
616 1544 688 1616 sum
713 1564 821 1618 autem
846 1570 919 1617 mea
945 1547 1050 1618 multo
1077 1563 1104 1618 et

160 1658 279 1759 plura,
296 1677 330 1728 et
344 1656 489 1745 maiora,
510 1680 611 1754 quam
630 1657 723 1759 dicis.
747 1683 830 1755 quae
850 1677 959 1732 autem
973 1660 1103 1733 suntaut

161 1788 216 1841 rua
238 1766 359 1864 plane,
385 1785 441 1839 aut
464 1766 646 1840 imitatione
675 1795 717 1842 ex
740 1770 854 1866 aliquo
875 1770 1043 1866 expressa,
1069 1770 1102 1841 de

162 1879 201 1950 iis
228 1897 286 1966 te,
308 1877 333 1947 st
360 1877 418 1972 qui
438 1901 491 1947 me
519 1876 605 1951 sorte
634 1879 726 1950 locus
756 1879 993 1969 admonuerit,
1018 1907 1101 1955 com·

101 1987 319 2082 13m0nebo.
346 1988 588 2058 Praetereamus
614 1987 711 2083 igitur
737 2007 907 2085 praecepta
932 1991 1045 2064 Latine
1059 1991 1102 2062 lo·

111 2109 142 2174 48
162 2096 301 2195 quendi,
337 2119 420 2192 quae
446 2093 578 2189 puerilis
598 2095 748 2166 dodrina
771 2095 892 2185 tradit,
910 2114 944 2168 et
968 2095 1102 2168 subtilior

44 2236 48 2244 ·
159 2208 310 2306 cognitio
328 2231 366 2278 ac
384 2205 468 2276 ratio
489 2205 656 2277 literarum
672 2205 745 2295 alit,
760 2224 814 2277 aut
826 2205 1032 2279 consuetudo
1047 2205 1102 2278 ser·

161 2322 270 2395 monis
296 2316 479 2418 quotidiani
503 2341 541 2389 ac
567 2317 764 2406 domestici,
788 2317 863 2388 libri
890 2313 1103 2418 confirmant,

161 2451 195 2507 et
219 2432 318 2506 lediio
343 2451 496 2502 veterum
516 2445 687 2500 oratorum
702 2483 714 2520 ‚
728 2450 760 2501 et
778 2447 961 2524 poetarum.
998 2429 1102 2524 Neque
1141 2448 1145 2491 ε

67 2603 72 2611 .
160 2569 246 2621 vero
270 2543 305 2614 in
325 2541 385 2612 illo
416 2537 522 2611 altero
553 2538 671 2612 diutius
698 2562 970 2626 commoremur,
1000 2557 1037 2608 ut
1053 2530 1103 2606 dis·

162 2638 334 2750 putemus,
364 2648 483 2745 quibus
511 2649 609 2721 rebus
639 2647 761 2745 assequi
794 2646 952 2744 possimus
964 2700 977 2733 ,
999 2665 1035 2718 ut
1052 2670 1103 2730 ea,

111 2797 143 2843 49
161 2785 246 2857 quae
264 2760 420 2846 dicamus,
440 2757 671 2854 intelligantur.
694 2756 806 2827 Latine
821 2754 944 2827 scilicet
961 2753 1104 2835 dicendo,

162 2865 274 2940 verbis
285 2863 424 2954 usitatis,
438 2888 476 2935 ac
496 2865 630 2958 proprie
648 2861 941 2935 demonstrantibus
959 2885 1019 2948 ea,
1032 2860 1103 2957 quae

37 2960 40 2966 ¹
144 2971 336 3072 -srgnisicari
354 2997 392 3044 ac
405 2971 574 3042 deelarari
596 2972 774 3061 volemus,
791 2972 856 3042 stne
871 2969 1027 3067 ambiguo
1039 2992 1103 3042 ver·

161 3087 208 3161 bo
235 3106 291 3160 aut
314 3085 492 3174 sermone,
519 3109 589 3156 non
613 3085 711 3176 nimis
737 3086 835 3182 longa
865 3081 1104 3160 continuatione

162 3204 369 3293 verborum,
391 3226 460 3275 non
483 3199 580 3276 valde
606 3201 774 3297 produslis
792 3198 849 3284 iis,
869 3221 954 3293 quae
969 3194 1103 3266 fimilitu·
1143 3194 1145 3201 ’

161 3311 246 3384 dinis
277 3313 371 3385 causa
393 3335 434 3384 ex
456 3310 526 3381 aliis
556 3309 652 3381 rebus
678 3305 948 3402 transsenmtur,
961 3321 1031 3374 non
1052 3295 1102 3372 dis·

79 3415 95 3434 “
158 3418 281 3513 terptis
295 3417 477 3507 sententiis,
490 3440 560 3488 non
573 3415 787 3515 praeposteris
800 3414 1028 3511 temporibus,
1044 3429 1100 3481 non

161 3528 303 3605 confusis
342 3530 513 3626 personis,
544 3552 615 3599 non
646 3529 838 3630 perturbato
870 3527 999 3599 ordine.
1025 3515 1099 3621 quid
1143 3588 1145 3593 ,

69 3671 73 3681 ·
161 3637 293 3711 multa?
332 3657 400 3711 tam
432 3637 535 3710 facilis
559 3635 607 3712 ‚est
632 3658 703 3709 tota
728 3663 798 3726 res,
827 3659 863 3710 ut
887 3636 969 3708 mihi
989 3654 1097 3733 pernu-

74 3796 76 3801 ·
159 3776 236 3826 rum
267 3750 362 3850 saepe
390 3748 566 3840 videatur,
593 3772 670 3823 cum
699 3745 861 3845 difficilius
886 3744 1096 3844 intelligatur
