2304 4304
50 324 192 414 'tu
437 307 761 382 oraton

119 494 406 570 utnonnunquam
418 471 477 545 vix
489 471 524 542 in
540 469 591 542 his
606 490 757 541 numerus
769 484 804 540 et
813 464 931 541 versus
948 462 1075 590 intelligi

72 585 242 682 ,ροείῑῐῑ
267 608 337 681 quo
350 581 398 657 est
412 583 454 652 ad
466 572 700 653 inveniendum
715 577 908 651 difficilior
899 603 936 648 1n
955 576 1075 649 oratio·

60 684 103 785 185
123 723 165 770 ne
180 718 357 779 numerus,
381 716 481 790 quam
503 689 538 760 in
556 689 710 763 versibus.
735 687 888 761 Omnino
903 686 980 758 duo
997 683 1076 771 sunt,
1092 772 1094 779 Ι

123 832 209 906 quae
228 805 386 878 condrant
398 820 614 888 orationem
642 803 822 875 verborum
847 809 1076 869 numeronntr·

124 938 191 1011 que
209 911 403 983 iucunditas.
437 913 475 982 ln
487 911 599 984 verbis
616 910 698 982 inest
719 909 807 1007 quasr
830 907 969 978 materia
989 920 1078 1004 quae·

123 1025 225 1108 dam;
248 1023 283 1095 in
304 1046 445 1093 numero
464 1039 572 1093 autem
592 1021 760 1120 expolitio.
785 1021 848 1092 Sed
869 1037 908 1090 ut
915 1015 1079 1090 -cetetisin

121 1135 248 1221 rebus,
272 1131 464 1202 neceffitatis
495 1132 631 1204 inventa
654 1131 839 1228 antiquiora
867 1126 966 1215 sunt,
989 1147 1081 1222 quam

95 1250 98 1254 ’
121 1241 323 1340 voluptatis3
346 1240 486 1314 itaetin
511 1243 573 1318 hac
591 1267 627 1315 re
644 1242 782 1330 accidit,
807 1257 845 1312 ut
868 1238 982 1310 multis
998 1235 1083 1307 secu-

55 1415 58 1423 .
86 1401 89 1408 ·
121 1355 161 1424 lis
181 1372 256 1424 ante
282 1355 392 1424 oratio
415 1354 529 1441 nuda,
556 1378 594 1425 ac
614 1353 700 1426 rudis
725 1351 767 1423 ad
784 1343 872 1422 solos
897 1349 1082 1419 animorum
1127 1358 1129 1367 '

124 1462 232 1534 sensus
254 1458 494 1559 exprimendos·
503 1460 603 1533 suerit
615 1479 765 1556 reperta,
797 1483 898 1556 quam
911 1455 1000 1528 ratio
1026 1479 1102 1539 nu·‚

122 1595 315 1660 merorum,
346 1569 440 1643 causa
462 1570 686 1644 delectationis
711 1571 870 1658 aurium,
895 1565 1085 1664 excogitata.

63 1698 108 1751 186
124 1686 237 1781 ltaque
261 1703 295 1756 et
312 1685 530 1773 Herodotus,
565 1705 599 1756 et
619 1683 731 1756 eadem
754 1680 973 1779 superiorque
1006 1693 1087 1749 aetas

124 1821 265 1867 numero
285 1797 413 1881 caruit,
435 1795 495 1866 nist
513 1796 646 1892 quando
668 1813 790 1865 temere
807 1808 846 1864 ac
868 1789 1037 1886 sortuit93
1058 1809 1088 1861 et

89 1899 299 1996 scriptores
318 1911 508 1999 perveteres
526 1903 569 1973 de
584 1924 727 1973 numero
740 1899 821 1972 nihil
835 1898 990 1984 omnine,
1003 1898 1044 1968 de
1055 1921 1092 1967 o-

125 2008 253 2081 ratio'ne
274 2030 447 2121 praecepta
459 2014 560 2084 multa
569 2014 665 2085 nobis
677 2013 888 2110 reliquerunt.
896 2011 987 2081 Nam
1000 2008 1090 2106 quod

125 2139 158 2191 et
171 2099 307 2191 facilius
314 2119 384 2208 est,
403 2140 436 2192 et
450 2123 554 2219 magis
568 2121 796 2209 necessarium,
814 2120 856 2193 id
872 2119 1002 2216 semper
1017 2137 1090 2190 ante

61 2229 119 2329 56
128 2229 348 2329 cognoscitur.
363 2234 474 2328 ltaque
488 2231 623 2322 tralata,
637 2250 692 2303 aut
706 2230 805 2318 satta,
819 2248 876 2302 aut
888 2229 999 2300 iuncta
1013 2252 1089 2301 ver-

58 2403 61 2409 .
125 2343 193 2431 ba,
212 2340 311 2414 sacile
330 2342 402 2414 sunt
419 2343 576 2440 cognita,
597 2343 674 2439 quia
688 2340 894 2413 sumebantur
912 2364 931 2410 e
951 2333 1091 2409 consue·

126 2450 252 2538 tudine,
275 2449 539 2547 quotidianoque
554 2450 712 2522 sermone.
728 2472 881 2520 numerus
900 2453 1013 2519 autem
1026 2440 1093 2517 non

111 2566 113 2572 '
127 2554 234 2626 domo
249 2557 527 2650 depromebatur,
552 2585 656 2656 neque
670 2559 810 2630 habebat
825 2557 970 2654 aliquam
982 2554 1094 2627 neces·

125 2663 303 2734 fitudinem
316 2685 371 2737 aut
386 2670 619 2765 cognationem
634 2696 710 2741 cum
727 2670 889 2754 oratione.
908 2669 1021 2765 itaque
1043 2669 1092 2739 se-

127 2772 196 2844 rius
219 2773 387 2869 aliquanto
412 2792 545 2849 notatus
564 2798 598 2850 et
620 2775 795 2875 cognitus,
814 2775 903 2873 quafi
926 2775 1094 2871 quandam

128 2882 322 2980 palaestram
343 2902 375 2953 et
406 2909 552 2956 extrema
578 2887 775 2958 lineamenta
804 2886 949 2957 orationi
976 2885 1093 2956 attulit.

67 3010 113 3097 ¹⁸⁷.
130 2994 308 3098 Quodstoe't
319 2993 450 3092 angusta
473 2996 633 3092 quaedam
648 3015 746 3093 atque
760 2996 902 3083 concisa,
913 3012 947 3067 et
967 2996 1029 3067 alia
1048 2994 1093 3067 est

128 3107 280 3178 collatam
291 3125 325 3178 et
341 3103 456 3177 diffusa
478 3100 613 3191 oratio}
637 3107 765 3179 necesse
784 3106 830 3178 est
848 3106 884 3182 id
900 3131 969 3178 non
983 3105 1093 3177 litera·

60 3299 62 3303 v
127 3238 204 3284 rum
221 3217 370 3288 accidere
387 3224 515 3306 natura,
529 3203 584 3288 sed
595 3217 848 3291 intervallorum
861 3217 1043 3315 longorum
1059 3234 1093 3288 et

127 3322 281 3395 brevium
296 3327 472 3417 varietate,
495 3326 614 3425 quibus
636 3327 803 3424 implicata
823 3329 920 3424 atque
939 3325 1094 3425 permista

128 3432 251 3522 oratio,
261 3436 496 3531 quoniamtum
504 3436 622 3508 stabilis
631 3435 689 3522 est,
698 3455 768 3509 tum
778 3435 948 3522 volubilis,
963 3431 1089 3508 necesse

80 3574 81 3577 ¹
128 3541 188 3631 est,
199 3542 360 3616 eiusmodi
371 3563 519 3615 naturam
530 3544 852 3617 numeriscontineri.
876 3547 967 3617 Nam
978 3543 1093 3615 circui·

78 3653 80 3656 ’
128 3667 182 3721 tus
195 3652 267 3741 ille,
280 3677 380 3750 quem
393 3653 487 3749 saepe
506 3653 570 3724 iam
586 3653 749 3738 diximus,
774 3653 943 3725 incitatior
956 3673 1102 3723 numero⁴

126 3759 199 3855 ipso
221 3763 323 3838 fertur
335 3784 369 3840 et
386 3753 529 3859 labitur,
550 3766 664 3866 quoad
677 3766 856 3864 perveniat·
863 3765 905 3839 ad
917 3763 1042 3856 snern,
1060 3779 1092 3837 et
