2302 4304
396 274 620 372 urana
669 296 747 372 ιιι.
967 323 1032 402 253

64 452 109 527 de
131 453 388 555 Thrasymacho
407 457 661 549 ClralcedoniO,
690 459 731 532 de
752 463 934 563 Protagora
961 464 1034 536 Ab·

66 562 176 633 derita
196 562 334 660 loquar?
355 589 500 661 quorum
519 564 739 664 unusquisque
759 567 937 664 plurimum
947 589 1034 644 tem·
1073 601 1079 617 ‚

68 673 211 769 poribus
231 673 295 747 illis
309 663 443 763 ‚setiam
469 677 511 746 de
541 693 656 748 natura
690 703 802 749 rerum
829 696 862 754 et
887 679 1036 754 disseruit

68 806 102 858 et
113 771 261 883 scripsit.
292 788 362 885 lpse
380 788 433 859 ille
451 791 631 864 Leontinus
650 790 814 890 Gorgias,
833 817 903 890 quo
920 810 1041 890 patro·
1053 815 1100 868 1²9
1118 794 1121 801 ’

65 925 115 970 no
141 896 213 996 (ut
226 900 319 973 Plato
333 889 468 1000 voluit)
488 899 690 1001 philosopho
712 901 884 975 succubuit
900 925 1034 993 orator,
1061 937 1065 945 ·

69 1007 126 1103 qui
148 1029 205 1079 aut
227 1007 363 1082 nonest
385 1009 490 1083 vidus
519 1035 665 1108 unquam
689 1011 896 1099 a'Socrate,
926 1032 1034 1106 neque

71 1116 178 1192 sermo
212 1121 266 1193 ille
298 1121 442 1196 Platonis
468 1146 569 1196 verus
591 1119 664 1195 est:
688 1127 759 1213 aul,
786 1121 810 1192 sr
833 1119 880 1196 est
902 1122 1034 1208 virtus,
1085 1164 1100 1186 ι

71 1226 283 1325 eloquentior
300 1231 457 1305 videlicet
477 1231 562 1322 suit,
581 1250 614 1304 et
626 1231 777 1306 disertior
796 1233 968 1324 Socrates,
983 1257 1034 1325 et,

70 1355 105 1409 ut
121 1360 159 1410 tu
176 1339 339 1436 appellas,
358 1338 536 1436 copiosior
547 1360 581 1414 et
601 1341 720 1415 melior
738 1358 862 1415 orator.
884 1343 948 1413 Sed
962 1341 1034 1431 hic,

63 1445 103 1516 'in
114 1446 173 1518 illo
192 1447 265 1541 ipso
284 1448 427 1520 Platonis
440 1448 527 1522 libro
536 1504 548 1541 ,
569 1450 610 1522 de
624 1451 718 1524 omni
731 1477 768 1524 re
778 1505 790 1542 ,
817 1475 1033 1550 quaecunque

36 1546 38 1550 ¹
62 1553 101 1624 in
134 1554 407 1651 disceptationem
436 1558 732 1657 quaestionemque
758 1579 961 1652 vocaretur,
1000 1561 1033 1634 se

67 1662 290 1759 copiosissime
312 1657 474 1738 dicturum
501 1667 563 1741 elle
585 1665 782 1763 profitetur;
820 1667 911 1765 isque
937 1667 1033 1761 prin-

68 1794 147 1867 ceps
171 1795 215 1842 ex
246 1774 402 1848 omnibus
432 1775 524 1848 ausus
552 1773 654 1845 estin
681 1795 854 1847 conventu
875 1773 1033 1869 poscere,
1064 1793 1067 1800 ’

64 1886 133 1977 qua
147 1880 189 1952 de
217 1905 259 1952 re.
280 1881 416 1981 quisque
436 1883 536 1959 vellet
558 1881 689 1962 ordire:
717 1882 771 1954 cui
797 1900 904 1956 tantus
923 1883 1034 1958 honos

64 1993 201 2067 habitus
218 1994 265 2068 est
282 2020 301 2066 a
325 1997 486 2086 Graecia,
515 1996 574 2073 soli
594 2016 631 2069 ut
648 2023 690 2070 ex
708 1999 864 2073 omnibus
888 1999 1033 2096 Delphis

64 2126 139 2173 non
167 2102 316 2176 inaurata
332 2102 453 2194 statua,
473 2103 533 2180 sed
559 2128 656 2176 aurea
670 2101 873 2179 statueretur.
923 2107 1033 2201 Atque
1052 2132 1099 2185 130

46 2207 116 2298 ii,
144 2234 231 2307 quos
255 2209 453 2302 nominavi,
476 2210 639 2308 multique
657 2225 824 2305 praeterea
846 2209 966 2281 summi
980 2211 1032 2279 di-

66 2320 168 2391 cendi
193 2320 363 2412 audores,
390 2344 460 2393 uno
482 2335 634 2415 tempore
665 2315 822 2388 suerunt:
843 2339 886 2387 ex
914 2315 1033 2412 quibus

63 2427 204 2528 intelligi
227 2427 358 2527 potesl',
383 2422 475 2502 irase
488 2449 560 2498 rem
578 2426 722 2516 habere,
749 2446 786 2498 ut
807 2447 844 2496 tu
858 2462 883 2516 ,·
899 2425 1034 2514 Crasse,

64 2543 151 2616 dicis
164 2571 177 2632 3
203 2543 409 2642 oratorisque
423 2564 548 2615 nomen
565 2539 653 2638 apud
667 2540 820 2638 antiquos
833 2539 868 2611 in
882 2539 1033 2631 Graecia,

64 2654 196 2727 maiore
221 2656 365 2752 quadam
403 2653 459 2728 vel
481 2650 607 2750 copia,
641 2651 696 2726 vel
729 2653 836 2750 gloria
875 2650 1032 2727 floruisse.

57 2769 151 2859 'Quo
168 2767 307 2864 quidem
325 2766 429 2865 magis
458 2767 595 2857 dubito,
621 2763 724 2839 tibine
741 2764 813 2862 plus
826 2765 954 2858 laudiS,
988 2792 1033 2843 an
1050 2795 1096 2848 ιιι

63 2876 206 2949 Graecis
215 2878 469 2975 vituperationis
482 2877 546 2954 esse
559 2877 770 2951 tribuendum
783 2876 935 2981 statuam,
955 2904 1032 2951 cum

63 2998 126 3074 tu,
152 2984 189 3055 in
205 2985 267 3059 alia
285 2988 395 3085 lingua
420 3013 459 3061 ac
471 2989 621 3062 moribus
634 3006 727 3071 natus
741 3041 754 3078 ‚
785 2989 1034 3086 occupatissima

64 3086 276 3185 incivitate,
294 3096 349 3170 vel
362 3095 573 3193 privatorum
586 3093 729 3195 negotiis
745 3120 848 3193 paene
862 3095 1032 3186 omnibus,

64 3195 122 3277 vel
155 3203 249 3276 orbis
275 3198 381 3279 terrae
402 3207 664 3305 procuratione,
691 3231 740 3281 ac
758 3205 877 3279 summi
903 3204 1038 3306 imperii

61 3313 306 3412 gubernatione
334 3316 514 3410 distrislru,
539 3335 663 3413 tantam
687 3316 759 3392 vim
776 3341 889 3392 rerum
915 3317 1033 3418 cogni-

61 3425 261 3525 tionemque
281 3425 597 3523 comprehenderis,
632 3451 774 3528 eamque
805 3453 941 3503 omnem
955 3457 1033 3504 cum
1123 3523 1126 3532 Ι

60 3536 162 3628 eius,
200 3537 260 3636 qui
286 3538 424 3640 consrlio
456 3555 490 3612 et
503 3527 663 3612 'oratione
685 3537 878 3614 incivitate
902 3539 1057 3635 valeat„

59 3643 202 3719 scientia
228 3668 327 3746 atque
345 3646 582 3720 exercitatione
604 3646 761 3724 sociarisr
785 3649 833 3721 illi
859 3648 927 3718 nati
942 3648 978 3718 in
989 3648 1032 3720 li-
1069 3710 1071 3723 ,

61 3754 169 3861 teria,
195 3757 409 3861 ardentesque
423 3751 474 3840 his
488 3757 621 3858 studiis,
647 3758 720 3858 otio
733 3785 818 3840 vero
833 3759 1033 3859 diffluentes,
