2302 4304
52 246 187 407 ἰώ
437 302 765 423 oraton

115 475 276 575 perselia,
301 494 407 569 neque
429 469 604 555 conclusae
626 466 803 559 aliilaevi,
825 485 862 543 et
880 469 1019 559 llruda,
1035 484 1071 539 ει

114 585 305 659 terminata:
329 598 364 653 et
382 598 498 652 contra
515 598 648 663 tenues,
669 576 779 667 acuti,
805 576 922 668 omnia
952 575 1064 648 docen-

115 713 181 784 tes,
207 712 243 768 et
257 688 468 775 dilucidiora,
496 711 566 760 non
586 687 769 785 ampliora,
796 685 975 776 facientes,
997 683 1075 755 sub·-
1111 718 1113 723 ·

73 804 164 875 6tili
184 803 326 902 quadam
339 817 373 872 et
390 799 496 897 pressa
508 799 662 873 oratione
675 798 788 871 literati
829 798 865 869 in
888 797 1066 892 eodemque

114 939 236 1012 genere
247 913 301 984 alii
315 911 442 1001 callidi,
460 909 702 1006 sed'impoliti‚
722 927 758 981 et
769 906 925 981 consulto
944 906 1068 978 rudium

114 1024 231 1099 simile's
247 1046 281 1098 et
291 1021 547 1120 imperitorum
564 1020 617 1091 alii
633 1019 666 1091 in
679 1019 796 1091 eadem
809 1016 984 1109 ieiunitate
996 1040 1068 1089 con·

114 1137 299 1224 cinniores‚
326 1132 444 1222 idest,
465 1131 584 1221 faceti,
607 1126 764 1224 florentes
782 1130 884 1202 etiam
892 1129 912 1216 ,’
932 1147 968 1202 et
989 1127 1067 1199 levi-

65 1274 92 1310 21
113 1245 294 1333 terornati.
343 1241 399 1315 Est
410 1265 520 1315 autem
532 1239 665 1339 quidam
679 1238 889 1326 interieslus,
913 1238 1001 1311 inter
1011 1235 1069 1308 hos

114 1361 263 1447 medius,
289 1374 324 1429 et
340 1355 428 1453 quast
453 1371 668 1450 temperatus,
698 1376 759 1427 nec
784 1353 941 1426 acumine
963 1348 1069 1448 poste·

112 1470 262 1558 riorum,
288 1492 350 1540 nec
371 1465 507 1538 flumine
534 1482 629 1538 utens
646 1466 875 1563 superiomm,
888 1482 941 1536 'ut
960 1462 1070 1536 cinnas

113 1577 310 1665 amborum,
332 1574 368 1647 in
379 1597 498 1647 neutro
510 1573 690 1663 excellens,
705 1572 872 1669 unitusque
888 1570 1067 1667 particeps,

112 1687 168 1760 vel
187 1687 367 1786 utriusque,
385 1687 412 1759 sr
432 1708 551 1762 verum
572 1687 760 1784 quaerimus
771 1739 784 1774 ‚
796 1685 909 1781 potius
930 1707 1067 1778 expers,

112 1797 206 1894 lsque
225 1822 294 1869 uno
319 1790 455 1886 tenore,
480 1814 518 1871 ut
543 1796 710 1886 aunem
733 1795 875 1868 dicendo
898 1793 996 1883 fluit,
1020 1790 1067 1863 ni-

112 1905 159 1978 hil
186 1904 326 1978 afferens
350 1922 478 2001 praeter
508 1902 694 1977 facilitatem
717 1922 752 1977 et
784 1895 1067 2001 aequabilitatem

112 2031 168 2087 aut
188 2014 278 2086 addit
299 2014 450 2111 aliquos,
476 2032 514 2087 ut
540 2015 575 2086 in
597 2034 744 2103 corona,
775 2030 893 2103 toros,
916 2036 1069 2085 omnem·

112 2146 178 2220 que
193 2120 380 2194 orationem
404 2121 606 2194 ornamentis
624 2120 764 2193 modicis
785 2121 975 2196 verborum
997 2122 1070 2192 sen-

64 2259 93 2294 22
113 2232 353 2330 tentiarumque
372 2232 547 2332 distinguit
602 2234 732 2304 Horum
750 2233 955 2330 singulorum
974 2257 1068 2331 gene·

112 2368 186 2415 rum
206 2343 396 2442 quicunque
419 2343 490 2416 vim
510 2340 667 2439 [fingtdis]
685 2341 853 2415 consecuti
863 2342 959 2431 sunt,
986 2365 1067 2438 mag·

112 2479 193 2525 num
222 2453 257 2524 in
277 2453 464 2526 oratoribus
492 2478 616 2526 nomen
640 2454 833 2526 habuerunt.
882 2452 949 2523 Sed
971 2476 1069 2547 quae·

112 2564 250 2634 rendum
269 2562 332 2645 est,
359 2562 475 2634 satisne
496 2562 549 2652 id,
575 2565 667 2660 quod
686 2564 862 2647 volumus,
889 2559 1069 2640 effecerint.
1096 2657 1099 2663 Ι

70 2699 92 2768 7
111 2674 272 2747 Videmus
295 2671 384 2741 enim
409 2671 502 2746 frisle
523 2677 705 2771 quosdam,
740 2676 798 2773 qui
820 2675 925 2746 iidem
953 2688 1068 2744 ornate

112 2808 151 2855 ac
173 2780 339 2879 graviter,
374 2780 475 2853 iidem
501 2783 632 2856 versute
650 2808 694 2856 ,et
718 2781 876 2855 subtiliter
908 2781 1067 2853 dicerent.

112 2897 220 2989 Atque
245 2891 370 2962 utinam
389 2892 423 2960 in
451 2891 573 2963 Latinis
599 2894 670 2967 talis
696 2892 835 2967 oratoris
858 2893 1066 2967 simulacrum

111 2996 254 3093 reperire
267 2996 451 3094 poss'emus!
477 2997 557 3071 esset
570 3003 737 3100 egregium
754 3027 824 3075 non
836 3026 999 3099 quaerere
1012 3027 1067 3074 ex·

60 3131 223 3198 231erna,
258 3107 426 3180 domesti‘
398 3133 445 3181 crs
460 3098 536 3181 esse
558 3134 743 3186 contentos
790 3114 853 3185 Sed
874 3139 942 3213 ego
962 3115 1068 3204 idem,

110 3218 225 3314 quiin
246 3220 304 3292 illo
331 3220 482 3293 sermone
512 3222 651 3314 nostro,
680 3225 740 3322 qui
765 3223 812 3296 est
839 3226 1043 3325 expositus
1034 3253 1066 3299 ιιι

56 3345 59 3349 “
110 3330 234 3417 Βιιιῐο,
260 3334 402 3405 multum
425 3336 596 3408 tribuerim
616 3339 789 3428 latinis,
786 3339 843 3412 vel
858 3360 896 3413 ut
907 3336 1067 3414 hortarer

109 3442 210 3530 alios,
252 3443 306 3516 vel
336 3446 429 3540 quod
458 3473 601 3520 amarem
627 3473 741 3537 meos,
778 3449 945 3522 recordor
965 3453 1067 3549 longe
1111 3520 1113 3547 ,

24 3580 27 3591 “
109 3553 264 3627 omnibus
285 3579 385 3627 unum
410 3558 572 3631 anteferre
599 3560 881 3647 Demosthenem,
917 3566 979 3661 qui
998 3565 1065 3639 vim

107 3663 371 3734 accommodarit
402 3665 554 3757 adeam,
593 3695 692 3766 quam
713 3670 873 3759 sentiam,
909 3675 1109 3773 eloquen-

108 3769 211 3863 tiam,
239 3800 310 3848 non
330 3776 371 3851 ad
397 3800 489 3868 eam,
523 3806 622 3877 quam
644 3783 679 3854 in
700 3783 810 3883 aliquo
842 3785 911 3882 ipse
937 3812 1064 3887 cogno.-
