2302 4304
33 341 39 353 ·
153 305 201 399 m
381 307 938 382 Dnonnronu·
1055 261 1062 422 s

95 472 98 479 '
149 469 244 559 litas,
267 470 308 542 ad
328 494 494 567 quumque
519 471 646 543 causam
677 473 828 570 quamvis
853 487 988 569 repente
1010 441 1118 546 vela

87 612 132 665 ²53
151 579 278 675 peritis,
289 580 344 652 vel
359 580 400 651 de
413 580 503 653 libris
516 581 668 677 depromi
680 581 796 678 potest,
821 585 932 678 Itaque
944 575 1001 654 'illi
1015 582 1116 656 diser·

150 691 261 764 tiffimi
280 691 433 764 homines
455 691 621 764 ministros
636 693 758 765 habent
777 694 812 764 in
833 693 934 767 causis
950 693 1031 768 imis
1049 718 1115 794 pe·

33 828 37 837 ·
70 869 76 877 ,
150 801 252 890 ritos,
279 824 356 872 cum
381 798 440 898 ipsr
467 798 529 869 sint
556 799 808 897 imperitiffimi,
832 799 867 871 et
886 800 1028 897 qui,*ut
1054 801 1114 873 abs

149 930 184 983 te
208 911 308 1008 paulo
332 928 406 982 ante
427 911 550 982 dissum
567 910 630 1002 est,
648 915 835 1006 pragmatici
858 930 1036 988 vocantur.
1072 916 1112 987 In

146 1047 220 1121 quo
240 1021 342 1094 nostri
361 1021 502 1092 omnino
516 1021 632 1093 melius
655 1020 782 1106 multo,
805 1020 900 1115 quod
916 1020 1112 1097 clariffimo-

145 1155 224 1205 rum
251 1130 426 1203 hominum
455 1131 646 1203 audomare
672 1129 757 1226 leges
788 1144 822 1198 et
842 1128 913 1199 iura
936 1130 1023 1200 teda
1047 1130 1112 1204 effe

147 1238 337 1310 voluerunt.
365 1236 430 1306 Sed
445 1253 558 1308 tamen
574 1233 785 1333 non'firgiss'et
800 1232 866 1304 hoc
880 1234 1031 1308 Graecos
1040 1235 1110 1309 ¹ho·

145 1350 267 1438 mines,
286 1348 310 1420 si
326 1351 370 1420 ita
388 1348 514 1421 necesse
533 1347 597 1420 esse
620 1335 765 1419 arbitrarii
791 1343 916 1436 essent,
939 1369 1119 1425 oratorem.

144 1458 253 1555 ipsum
280 1459 410 1530 erudire
434 1460 468 1529 in
489 1459 560 1529 iure
581 1457 698 1544 civili,
720 1480 791 1527 non
811 1455 842 1526 ei
866 1457 1107 1552 pragmaticum

79 1561 129 1636 60
147 1571 334 1643 adiutorem
357 1572 444 1646 dare.
470 1575 557 1645 Nam
580 1572 674 1670 quod
691 1570 773 1642 dicis
782 1570 966 1664 seneclutem
988 1600 1010 1642 a
1024 1576 1110 1668 soli·

79 1694 132 1748 ²54
145 1686 251 1754 tudine
277 1687 432 1755 vindicari
450 1688 528 1757 iuris
552 1686 655 1756 civilis
672 1685 836 1778 scicntia:
857 1680 988 1753 sortasse
1005 1683 1108 1757 etiam

143 1795 304 1890 pecuniae
326 1795 561 1893 magnitudine.
601 1794 667 1867 Sed
697 1817 781 1882 nos,
809 1816 880 1864 non
903 1792 1107 1888 quidnobis

85 1909 88 1913 ’
143 1903 242 1992 utile,
269 1930 388 1976 verum
414 1905 496 2002 quid
525 1905 654 1976 oratori
679 1902 893 1976 necessarium
919 1902 983 1991 su,
1002 1918 1107 2000 quae·

142 2009 255 2082 rimus.
298 2022 539 2108 quamquam,
558 2011 718 2107 quoniam
752 2010 855 2082 multa
886 2010 929 2081 ad
964 2012 1107 2083 oratoris

141 2112 386 2191 similitudinem
411 2121 452 2191 ab
472 2133 542 2191 uno
564 2116 689 2189 artifice
710 2116 892 2205 sumimus,
913 2115 1106 2205 soletidem

141 2226 281 2301 Roscius
303 2231 438 2319 dicere,
463 2228 532 2329 se,
549 2250 619 2325 quo
645 2227 717 2324 plus
743 2228 802 2300 fibi
829 2227 940 2298 aetatis
956 2225 1106 2301 accede·

51 2346 53 2351 '
92 2423 96 2430 Ι
139 2357 216 2430 ret,
240 2367 282 2415 eo
311 2343 471 2416 tardiores
497 2338 640 2414 tibicinis
665 2339 813 2429 modos,
850 2355 883 2409 et
912 2357 1027 2412 cantus
1051 2366 1105 2415 re-

139 2452 300 2528 miffiores
313 2455 377 2527 effe
392 2456 561 2528 fadurum.
581 2454 688 2546 Quod
706 2453 730 2522 fi
745 2453 797 2523 ille
811 2507 822 2541 ‚
835 2452 1001 2526 adstrisius
1016 2475 1104 2528 certa

41 2610 46 2619 .
103 2648 106 2654 Ι
132 2557 281 2657 ¹quadam
298 2551 512 2640 numerorum
535 2564 764 2637 moderatione
778 2580 811 2634 et
830 2563 952 2659 pedum
967 2582 1102 2653 ,tamen

138 2665 263 2762 aliquid
284 2670 325 2741 ad
342 2673 490 2767 requiem
512 2674 683 2760 senedutis
702 2672 888 2768 excogitat,
912 2695 1040 2768 quanto
1053 2675 1118 2767 sa·¹
1137 2744 1143 2761 ,

138 2773 232 2849 cilius
248 2802 311 2849 nos
330 2804 400 2850 non
418 2781 526 2851 laxare
548 2783 687 2871 modos,
701 2782 756 2853 sed
775 2798 865 2855 totos
885 2800 1010 2854 mutare
1024 2778 1101 2880 pos·

73 2894 126 2963 ¹55
139 2886 277 2959 sumus?
305 2891 422 2987 Neque
441 2891 531 2960 enim
553 2890 619 2964 hoc
642 2881 676 2962 se
689 2944 700 2981 ,
714 2891 849 2981 Crasse,
870 2891 975 2981 fallit,
998 2919 1100 2993 quam

136 2994 237 3067 multa
261 2995 344 3087 sint,
374 3015 408 3068 et
430 3022 529 3095 quam
553 2996 645 3069 varia
668 3023 786 3095 genera
810 2996 942 3068 dicendi
963 3021 975 3081 3
1005 3000 1099 3096 quod

24 3178 28 3186 ,
134 3105 223 3178 haud
245 3108 368 3198 sciam,
394 3133 436 3180 an
462 3130 500 3180 nr
521 3110 648 3207 primus
669 3110 868 3201 ostenderis,
893 3111 953 3208 'qui
973 3110 1097 3184 iamdiu
1129 3176 1143 3201 ,.

131 3219 241 3292 multo
263 3221 345 3292 dicis
367 3219 526 3293 remiffius
548 3241 581 3294 et
598 3210 726 3313 lenius,
743 3223 843 3321 quam
869 3222 1018 3296 solebas:
1037 3249 1097 3296 ne-
1138 3256 1143 3299 ε

131 3327 328 3421 queminus
351 3328 432 3401 haec
455 3346 565 3401 tamen
592 3349 647 3403 tua
664 3332 843 3430 gravissimi
867 3331 1029 3406 sermonis
1049 3335 1096 3406 le'-
1123 3357 1143 3420 'n

132 3433 240 3522 nitas,
266 3460 367 3531 quam
386 3431 586 3527 illa,summa
603 3438 656 3512 vis
673 3460 707 3513 er
724 3441 897 3514 contentio
915 3441 1094 3538 probatur:
1133 3478 1143 3536 ἡ

130 3548 294 3647 multique
313 3570 461 3625 oratores
479 3552 636 3644 fuenmt,
656 3556 807 3653 utillum
829 3558 1021 3654 Scipionem
1032 3554 1092 3632 au·
1134 3574 1143 3650 e

129 3663 264 3754 dimus,
282 3680 315 3735 et
337 3664 501 3754 Laelium,
515 3666 573 3763 qui
589 3667 702 3739 omnia
718 3666 875 3740 sermone
887 3668 1092 3744 conficerent
1131 3680 1143 3759 s

18 3854 21 3873 Ι
90 3862 94 3874 Ι
129 3775 229 3870 paulo
245 3775 440 3871 intentiore,
455 3804 623 3877 nunquam
630 3834 642 3871 ,
655 3800 691 3853 ut
703 3781 771 3855 Ser.
785 3779 911 3872 Galba,
925 3781 1091 3886 lateribus,
1128 3799 1143 3875 n·
