2304 4304
123 296 195 391 4m
266 242 271 253 ⁴
447 287 782 364 onnron.

125 478 202 529 nua
192 480 262 541 us,
278 435 456 527 nummum
472 469 622 548 apemun
642 468 676 545 et
698 449 800 522 nimis
818 447 979 547 infignem
1001 447 1089 521 sacia

61 578 103 671 65
126 571 186 643 llis
210 561 312 666 igitur
331 585 383 640 tot
401 567 734 654 commutationibus,
754 582 889 662 tamque
902 563 1088 638 variiastu-

60 710 108 759 219
126 703 259 765 temur3
282 703 344 750 nec
373 674 636 775 deprehendetur
662 673 855 764 manifesto,
884 673 1007 773 quida
1029 695 1088 742 no-

127 794 178 883 bis
195 793 237 864 de
256 788 413 863 industria
424 788 503 889 siat,
514 794 557 860 'et
570 788 765 864 occurretur
784 784 934 860 satietati.
960 787 1004 857 Et
1016 783 1087 881 qnia

129 929 200 976 non
217 925 359 974 numero
375 899 485 973 solum
506 899 684 973 numerosa
705 897 839 987 oratio,
865 895 922 968 sed
940 917 976 967 et
993 906 1086 966 'cotn-

130 1014 295 1112 pofitione
308 1011 378 1104 sit,
389 1034 421 1085 et
435 1037 557 1112 genere
572 1011 685 1110 (quod
697 1024 771 1083 ante
785 1010 910 1086 diuum
924 1004 993 1105 est)
1012 1029 1089 1077 con-

132 1121 320 1201 cinnitatis:
352 1123 597 1220 compositione
622 1119 729 1219 potest
755 1118 913 1216 intelligi,
945 1143 1024 1193 cum
1050 1116 1093 1188 ita

133 1230 251 1302 slrctsia
273 1232 380 1306 verba
399 1231 490 1318 sunt,
516 1249 554 1304 ut
573 1253 729 1301 numerus
747 1251 818 1298 non
832 1223 1019 1322 quaesitus,
1042 1221 1095 1292 sed

77 1341 201 1436 vipse
218 1326 349 1431 secutus
362 1343 427 1415 esse
446 1343 619 1428 videatut3
645 1361 683 1413 ut
700 1339 788 1438 apud
807 1336 982 1425 Crassum,
1007 1339 1097 1405 Nan
1129 1434 1132 1440 ἢ

52 1502 57 1509 .
133 1453 188 1519 nbi
205 1453 311 1520 lubido
333 1455 574 1545 dominatur,
560 1455 758 1537 innocentiae
779 1455 842 1521 leve
854 1447 1098 1548 praefidimnss.

137 1555 236 1627 Ordo
254 1557 345 1629 enim
366 1558 550 1631 verborum
573 1557 684 1633 efficit
691 1581 865 1649 numerum
885 1555 956 1627 fine
979 1552 1045 1658 ulla
1067 1575 1124 1663 a·

138 1682 233 1765 parta
254 1667 401 1747 oratoris
414 1667 599 1741 industria.
635 1672 750 1766 ltaque
766 1668 810 1739 st'
806 1695 894 1766 quae
911 1682 1043 1742 vetetes
1055 1663 1099 1764 illi

142 1773 372 1874 (Herodotum
390 1755 486 1864 dico,
508 1799 542 1850 et
554 1777 815 1876 Thucydidem
831 1793 1007 1872 totamque
1017 1796 1099 1845 ‘eam

141 1882 303 1980 aetatem)
329 1901 404 1981 apte
424 1874 666 1983 numeroseque
686 1886 857 1972 dixentnt3
879 1909 921 1956 ea
942 1890 1015 1970 non
1039 1907 1101 1952 nu

142 2015 236 2063 mero
244 1989 429 2100 qtraefito,
455 1991 510 2064 sed
532 1993 718 2065 verborum
730 1993 961 2078 collocatione
974 1991 1102 2066 cecide
1122 1991 1127 2003 '

57 2140 127 2216 ma
141 2123 229 2174 rum
253 2094 392 2173 Formae
410 2126 495 2175 veto
517 2104 679 2200 quaedam
692 2104 766 2177 sunt
785 2098 963 2205 orationis,
977 2106 1014 2176 in
1026 2105 1103 2202 qui·

118 2196 205 2293 bns
223 2236 262 2286 ea
286 2215 493 2287 'concinnitas
514 2213 614 2306 inest,
638 2233 675 2294 ut
696 2199 848 2318 sequamr
866 2240 1024 2288 numerus
1047 2239 1105 2285 ne-
1126 2203 1131 2219 ⁶

144 2323 291 2402 cessario
340 2327 427 2395 Nam
445 2349 521 2396 cum
536 2343 593 2398 aut
606 2351 665 2420 par
674 2350 745 2423 patr
735 2325 922 2413 refertur,
948 2343 1003 2396 aut
1018 2349 1104 2396 con

144 2433 282 2528 ararium
303 2434 475 2507 contrario
484 2435 684 2530 opponitur,
708 2451 777 2523 aut,
790 2459 875 2531 quae
888 2432 1036 2509 similiter
1049 2456 1105 2504 ca-

144 2543 226 2619 dunt
243 2544 366 2630 verba,
385 2542 766 2638 verbiscompatantur3
791 2539 954 2637 quidquid
965 2539 1013 2609 ita
1026 2560 1108 2609 con·

144 2657 306 2759 cluditur,
329 2659 529 2755 plerumque
545 2656 583 2728 fit
604 2675 640 2734 ut
658 2640 829 2742 numerose
844 2656 948 2732 cadat.
963 2680 1044 2753 'quo
1066 2655 1107 2726 de

144 2787 265 2863 genere
288 2789 364 2835 cum
384 2766 542 2863 exemplis
564 2766 659 2869 supra
680 2766 837 2853 diximus,
856 2783 894 2837 ut
913 2765 994 2837 haec
1017 2787 1106 2861 quo·

144 2900 208 2971 que
231 2874 328 2970 copia
358 2873 548 2951 facultatem
578 2876 712 2976 afferat,
742 2901 812 2954 non
837 2876 966 2973 semper
986 2877 1106 2949 eodem

143 2986 249 3057 modo
269 2982 445 3058 definendi.
474 3007 535 3055 nec
555 2990 670 3065 vtatn'en
693 2988 776 3064 haee
802 2987 845 3057 ita
867 2986 940 3058 sum
963 2988 1052 3058 arsla
1074 3000 1107 3055 et

85 3131 88 3139 ν
119 3095 316 3187 ‘adilian‘
336 3119 373 3173 ut
396 3121 454 3186 ea,
477 3124 553 3170 cum
577 3100 738 3187 velimus,
761 3100 870 3171 laxare
895 3121 1107 3197 nequeamus,

144 3206 288 3286 Multum
311 3207 459 3296 interest,
484 3215 596 3281 utrum
615 3201 789 3288 numerosa
806 3207 865 3298 stt,
878 3208 917 3284 id.
930 3207 999 3297 est,
1022 3205 1108 3277 simi·

143 3311 181 3382 lis
199 3339 435 3409 numerorum,
459 3344 502 3390 an
517 3321 613 3417 plane
631 3346 650 3392 e
666 3313 811 3394 numetis
832 3317 961 3391 constet
987 3316 1106 3388 oratio
1124 3303 1130 3317 ’

144 3422 280 3498 altentm
299 3425 324 3500 st
346 3424 404 3516 fit,
432 3429 639 3500 intolerabile
658 3427 781 3501 vitium
803 3425 870 3513 est,
896 3427 1037 3503 alterum
1048 3420 1107 3497 nist

143 3526 198 3616 sit,
222 3531 385 3630 dissipata,
410 3554 444 3608 et
457 3537 595 3624 incrdta,
621 3559 654 3609 et
668 3536 772 3609 fluens
789 3534 836 3608 est
853 3536 975 3609 oratio.
1047 3550 1049 3554 “

75 3619 121 3703 66
192 3641 256 3713 Sed
275 3643 433 3766 quoniam
448 3671 518 3718 non
536 3650 642 3727 modo
662 3673 733 3719 non
753 3648 965 3744 frequenter,
986 3666 1106 3718 verum

73 3774 124 3810 221·
128 3739 240 3858 etiam
263 3776 340 3823 raro
356 3752 391 3824 in
411 3755 498 3830 vetis
515 3757 636 3844 causis,
663 3775 719 3831 aut
738 3757 949 3845 forensibus,
965 3755 1107 3831 circum
