2302 4304
370 283 613 405 ιιιιιιι
641 285 726 365 ιιι..
958 302 1028 382 ως

70 473 191 530 totum
225 449 335 538 casias,
363 448 547 548 dequibus
580 466 655 521 ante
683 442 774 532 dixi,
796 459 831 516 et
852 452 919 535 ea„
944 466 1029 542 qnae
1049 472 1080 526 ις

71 562 262 660 nosmetipsi
291 562 338 634 ob
369 582 520 632 amorem
548 557 584 631 in
616 553 854 653 rempublicam
889 553 1030 628 incredi-

69 673 170 746 bilem
202 693 238 749 et
265 670 459 770 fingusarem
487 671 678 768 pertulimus
710 691 749 740 ac
780 662 949 756 sensimus,
970 689 1029 739 co·

69 781 206 878 gitanti,
234 780 392 856 sententia
424 778 519 878 saepe
549 801 605 853 tua
625 786 720 854 ‘vera
749 801 787 849 ac
819 773 945 870 sapiens
972 776 1029 867 vi·

69 889 141 991 deri
167 889 273 983 solet²
294 890 351 994 qui
372 910 510 986 propter
533 907 604 980 tot,
625 908 756 973 tantos,
780 900 915 982 tamque
941 908 1033 982 prae·

11 1074 13 1099 Ε
71 1002 188 1098 cipites
217 1003 307 1077 casus
333 1001 585 1077 clarissimorum
612 999 788 1073 hominum
818 1017 915 1095 atque
946 996 1035 1094 opti·-

68 1112 204 1188 morum
226 1118 398 1204 virorum,
422 1142 479 1197 me
513 1116 640 1214 semper
669 1116 711 1188 ab
740 1112 834 1186 omni
860 1112 1031 1185 contenti-

69 1247 138 1295 one
165 1250 204 1297 ac
230 1227 443 1299 dimicatione
467 1225 639 1301 revocasti.
676 1225 741 1298 Sed
767 1223 927 1321 quoniam
947 1221 1028 1298 haec
1048 1249 1078 1299 ιι

68 1332 137 1404 iam
159 1360 271 1434 neque
292 1336 327 1410 in
348 1336 481 1435 integro
504 1336 601 1410 nobis
627 1335 692 1408 esse
716 1333 866 1432 possunt,
886 1349 920 1404 et
940 1331 1028 1405 sum-

66 1439 117 1511 mi
142 1441 417 1533 laborationi,
443 1469 560 1543 magna
586 1441 789 1541 compensati
817 1441 935 1542 gloria,
960 1439 1028 1514 mi-

65 1550 236 1648 tigantur3
250 1579 427 1652 pergamus
448 1554 491 1626 ad
512 1579 551 1626 ea
575 1554 699 1639 solatia,
722 1577 805 1650 quae
828 1574 897 1622 non
920 1551 1026 1626 modo

65 1661 184 1737 sedatis
209 1662 386 1757 molestiis,
408 1664 572 1754 iucunda,
595 1663 652 1737 sed
675 1663 774 1735 etiam
801 1660 1032 1753 haerentibus,

64 1772 214 1875 salutaria
231 1774 329 1849 nobis
347 1774 412 1848 esse
429 1775 585 1873 poffunt;
605 1775 855 1872 sermonemque
872 1777 911 1847 L.
934 1773 1032 1847 eran

63 1879 88 1952 fi
115 1881 298 1982 reliquum,
323 1908 361 1957 ac
377 1909 481 1982 paene
507 1883 712 1983 postremum
735 1884 916 1958 memoriae
940 1911 1026 1984 pro-

48 1989 199 2066 damus:
226 2009 327 2091 atque
349 1995 398 2084 ei,
419 1994 481 2066 etfi·
503 2020 710 2096 nequaquam
736 2021 852 2095 parem
876 1997 959 2072 illius
980 1999 1027 2072 in-

63 2101 184 2198 genio,
207 2121 241 2176 at
263 2128 327 2201 pro
352 2104 467 2178 nostro
493 2122 604 2181 tamen
628 2106 754 2198 studio,
776 2109 928 2182 meritam
951 2135 1025 2207 gra·

60 2214 145 2289 tiam
164 2216 373 2317 debitamque
393 2219 581 2294 reseramus.
606 2222 726 2320 Neque
743 2222 832 2295 enim
851 2221 1024 2320 quisquam
1043 2253 1072 2304 ις

34 2425 36 2429 y
63 2325 234 2419 nostium,¹
258 2343 336 2407 cum
361 2332 463 2406 libros
493 2334 638 2408 Platonis
667 2335 859 2408 mirabiliter
886 2335 1025 2433 scriptos

63 2433 164 2533 legin
190 2437 228 2510 in
245 2437 369 2538 quibus
395 2445 551 2517 omnibus
587 2442 661 2518 fe're
683 2449 835 2527 Socrates
862 2448 1024 2544 exprimi·

63 2568 136 2636 tur,
162 2573 249 2644 non,
275 2579 479 2654 quamquam
508 2556 562 2658 iila
590 2557 712 2656 scripta
743 2558 817 2635 sunt
848 2559 1029 2655 divinitus,

61 2688 176 2740 tamen
195 2668 301 2743 maius
322 2672 481 2769 quiddam¹
500 2674 543 2748 de
564 2674 633 2766 illo,
651 2678 693 2751 de
710 2703 779 2776 quo
798 2679 918 2778 scripta
938 2679 1029 2770 sunt..

61 2780 256 2877 suspicatur.
293 2787 398 2879 Quod
422 2786 504 2881 item
530 2814 593 2870 uos
619 2793 823 2890 postulamus
848 2823 918 2872 non
946 2827 965 2874 a
989 2824 1029 2878 te*

60 2889 216 2988 quidem,
250 2895 308 2991 qui
334 2899 431 2973 nobis
455 2902 577 2975 omnia⁴
603 2901 734 2976 summa.
764 2904 901 2998 tribuis,
924 2907 979 2982 sed
1004 2937 1028 2983 a·

62 2996 202 3088 ceteris,
216 3001 276 3096 qui
289 3001 369 3078 haec
390 3007 425 3078 in
444 3033 565 3083 manus
580 3009 723 3100 sument,
744 3027 786 3083 ut·
799 3011 904 3084 maius
925 3016 1022 3111 quid·

61 3106 142 3177 dam
173 3107 214 3179 de
240 3109 277 3182 L.
315 3112 453 3209 Crasso,
480 3143 580 3217 qnam
608 3142 766 3219 quantum
793 3145 817 3192 a·
842 3121 944 3197 nobis
961 3151 1030 3198 ex·

61 3216 226 3312 primetur
240 3271 252 3308 ,
265 3218 483 3319 suspicentur.
507 3230 580 3302 Nos
599 3229 700 3316 enim,
717 3228 776 3328 qui
796 3229 856 3327 i'pst
878 3226 1027 3308 sermoni]
1041 3239 1079 3294 1⁶-

61 3351 134 3400 non
167 3327 444 3424 interfuissemus3
465 3325 499 3413 et
523 3341 641 3438 quibus
668 3341 709 3413 C.
747 3341 849 3413 Cotta
874 3360 1027 3420 tantum·-

60 3438 169 3510 modo
196 3439 293 3528 locos
324 3470 363 3520 ac
389 3449 563 3525 sententias
588 3452 685 3527 huius
708 3451 935 3550 disputationis
956 3453 1027 3530 tras

60 3546 212 3636 didisset,
236 3548 333 3650 (quo
359 3555 394 3626 in
418 3583 538 3656 genere
564 3561 726 3636 orationis
752 3581 930 3661 utrumque
951 3589 1031 3636 ora-r

60 3674 174 3759 torem
207 3667 511 3766 cognoveramus‚)
544 3670 683 3768 idipsum
708 3669 815 3743 sumus
837 3671 872 3740 in
903 3693 1025 3749 eorum

60 3765 218 3845 sermone
244 3772 441 3870 adumbrare
462 3782 590 3862 conatis
623 3784 752 3878 Quodsi
772 3786 845 3955 gris
869 3782 949 3879 erit,¹
963 3790 1024 3888 qni.
1058 3886 1060 3891 Ι

826 3907 853 3977 4
