2302 4304
133 312 201 398 264
369 305 458 381 DE
507 304 920 417 ΟΙίΑΤΟΙὶῙΞΙ

130 465 250 553 cabulo
272 485 307 538 et
334 468 478 538 nomine.
508 467 596 538 unde
621 466 710 554 enim
734 463 834 535 simile
856 463 935 536 duci
956 466 1093 562 potest,

132 577 255 676 (potest
268 593 377 650 autem
391 603 432 649 ex
445 573 637 672 omnibus,)
657 573 803 646 indidem
814 573 959 648 verbum
972 603 1091 666 unum,

131 688 224 784 quod
235 686 477 759 similitudinem
492 684 661 774 continet,
689 684 895 774 transsatum,
910 684 1026 758 lumen
1039 688 1089 759 af-

64 809 111 891 562
131 796 196 870 fert
212 796 365 870 orationi.
414 797 495 888 Quo
514 795 549 866 in
572 818 690 892 genere
706 794 853 890 primum
874 792 1032 892 fugienda
1044 791 1089 865 est

129 906 378 982 diffimilimdo:
395 909 479 979 Coeli
492 912 628 1002 ingentes
633 906 784 997 fornices.
804 904 961 1002 quamvis
975 904 1086 1001 sphae-

130 1041 201 1092 ram
219 1019 254 1089 in
270 1018 400 1090 scenam
415 1014 472 1112 (ut
489 1013 623 1113 dicitur)
643 1014 785 1087 attulerit
802 1012 928 1087 Ennius
945 1040 957 1101 ;
979 1031 1086 1087 tamen

131 1127 167 1201 in
189 1127 322 1227 sphaera
346 1126 484 1199 fornicis
496 1126 673 1199 similitudo
686 1151 757 1199 non
768 1125 877 1221 potest
890 1125 1006 1202 inesse.

228 1280 277 1298 -·
312 1244 388 1310 Vive
410 1237 556 1337 Ulyffes,
588 1244 663 1310 dum
689 1243 782 1311 licet:

228 1353 339 1423 Oculis
359 1351 542 1449 postremum
561 1354 665 1422 &imm
678 1353 930 1443 radiaturnrapc.
1025 1394 1029 1399 -

131 1482 201 1531 non
213 1457 318 1544 dixit,
345 1486 417 1552 cape
427 1488 443 1546 ,·
471 1484 564 1546 non,
585 1482 677 1552 pete:
701 1457 837 1533 haberet
853 1459 946 1533 enim
958 1482 1080 1531 morant

129 1567 288 1664 sperantis
308 1569 431 1644 diutius
456 1569 520 1643 effe
534 1568 599 1642 sese
612 1569 797 1655 vidiumm
821 1569 876 1642 sed
899 1599 984 1671 rape.
1022 1569 1097 1642 hoc

131 1677 274 1752 verbum
291 1677 337 1751 est
351 1679 393 1750 ad
405 1679 440 1751 id
453 1695 622 1775 aptatum,
648 1678 741 1776 quod
753 1698 828 1765 ante
841 1677 988 1768 dixerat,
1015 1682 1080 1749 dum

130 1794 209 1865 licet.
237 1791 371 1864 Deinde
388 1792 569 1866 videndum
583 1791 713 1888 est„ne
725 1788 824 1888 longe
838 1788 940 1861 smrile
950 1789 990 1862 fit
1006 1789 1090 1896 duc·¹

64 1918 107 1988 41
132 1917 213 1972 tum.
260 1905 383 1995 Syrtim
398 1905 612 1994 patrimonii,
641 1902 805 1995 scopulum
828 1898 982 1971 libentius
998 1899 1080 1970 dixe·

66 2003 223 2091 1631rim3
252 2007 444 2100 Charybdim
458 2009 634 2093 bonorum,
664 2008 841 2099 voraginem
853 2002 978 2099 potius.
1005 2001 1079 2076 laci·

132 2114 193 2191 lius
205 2114 294 2187 enim
307 2115 350 2187 ad
363 2139 426 2206 ea,
450 2140 535 2211 quae
547 2114 635 2204 visa,
650 2139 751 2210 quam
764 2113 806 2184 ad
828 2112 906 2202 illa,
930 2138 1015 2211 quae
1029 2138 1080 2184 au·

133 2226 199 2301 dita
221 2226 318 2318 sunt,
342 2228 463 2303 mentis
476 2226 738 2302 ocidiferuntur.
762 2230 823 2314 Et,
838 2226 999 2323 quoniam
1009 2227 1081 2298 haec

133 2335 189 2409 vel
201 2335 327 2419 sumana
338 2337 407 2412 laus
420 2335 467 2410 est
481 2335 593 2409 verbis
611 2334 866 2425 transferendis,
902 2354 941 2407 ut
963 2333 1081 2407 sensum

131 2443 227 2523 feriat
248 2449 306 2539 id,
325 2451 418 2547 quod
433 2440 623 2529 'transsatum
645 2447 702 2534 stt3
736 2445 892 2544 fugienda·
908 2446 957 2519 est
980 2445 1082 2519 omnis

131 2554 302 2650 turpitudo
325 2582 439 2630 earum
460 2582 598 2646 rerum,
624 2557 665 2630 ad
684 2581 769 2652 quas·
785 2580 903 2627 eorum
939 2553 1082 2640 animos,

66 2663 190 2757 utqui
212 2663 374 2752 audiunt,
400 2665 507 2739 trahet
534 2664 720 2740 similitudo.
768 2665 859 2736 Nolo
880 2680 991 2737 morte
1022 2663 1082 2735 dici

18 2816 21 2823 ·
131 2769 281 2845 Africani
305 2773 468 2870 castrum
494 2775 564 2849 -e'ffe
585 2775 844 2871 rempublicam:
873 2772 956 2846 nolo
969 2777 1082 2877 stercus

130 2881 241 2957 curiae.
261 2877 328 2951 dici
349 2879 543 2963 Glauciam:
579 2884 731 2980 quamvis
760 2884 798 2958 fit
821 2882 948 2972 simile,
978 2906 1081 2956 tamen

128 2988 177 3063 est
195 2986 387 3089 inutroque
402 2991 560 3077 deformis
577 2992 736 3088 cogitatio
756 2990 986 3071 similitudinis.
1012 2989 1081 3063 No·

61 3145 66 3155 -
128 3097 164 3171 lo
177 3098 242 3175 effe
255 3123 311 3175 aut
321 3101 449 3191 maius,
470 3125 570 3198 quam
592 3098 644 3173 ies
656 3101 815 3197 postulet,
833 3103 991 3202 tempestas
1003 3130 1081 3174 com·

129 3208 342 3307 miffiuionise
369 3211 564 3300 autminus,
585 3212 996 3312 commiffiuiotempeslatis.
1009 3215 1081 3284 No·

119 3317 169 3394 ⁴lo
185 3322 251 3412 elie
276 3325 428 3412 verbum,
440 3322 605 3423 angustius
627 3323 662 3413 id
674 3375 697 3409 ν,
712 3322 804 3420 quod
821 3322 1009 3407 transsatum
1030 3320 1080 3409 fit,

17 3508 22 3514 ,
114 3457 232 3529 ¹quant
247 3431 356 3517 fuiffet
375 3435 457 3515 illud
467 3435 642 3532 proprium
651 3459 688 3507 ac
710 3434 823 3508 suum:
854 3440 1019 3530 Quidnam
1032 3437 1079 3528 est,

128 3543 378 3641 obsecral-quid
388 3567 415 3616 te
434 3549 518 3630 adiri
533 3549 697 3627 alausas.)
723 3545 838 3624 melius
860 3546 963 3637 ess'et,
983 3572 1079 3634 vetas,

114 3656 279 3744 prohibes,
298 3656 467 3756 falsum:
489 3655 676 3752 quoniam
699 3655 753 3728 ille
792 3657 944 3746 dixerat,
992 3660 1078 3732 Illicn

62 3775 104 3839 ¹65
127 3762 217 3865 istiej,
243 3795 281 3861 νᾳ
293 3772 439 3864 contagio
458 3793 529 3859 mea,
543 3770 633 3855 bonis
643 3821 657 3856 ,
683 3767 946 3867 umbraveobstt.,
973 3769 1076 3866 Atque

65 3904 143 4016 ι.
