2302 4304
714 233 723 256 χ
866 260 868 264 -
988 244 991 279 ι

238 359 278 404 ·.
381 333 733 406 LIBERIII.
953 357 1022 427 247

27 482 31 565 ἶ
65 495 135 572 diris
153 495 246 588 suis,
272 495 486 594 recuperari?
512 510 567 565 aut
584 491 712 566 infinite
735 492 775 564 de
794 493 947 588 universo
966 520 1023 592 ge-

66 630 139 679 nere
153 607 361 706 quaerentis:
387 605 481 698 Quid
500 603 641 675 omnino
665 605 705 676 de
731 603 868 700 captivo
879 603 1023 678 stamen-

68 716 140 787 dum
156 742 197 789 ac
209 715 415 811 sentiendum
429 713 491 786 snt?
520 716 628 809 Atque
646 713 768 785 horum
786 714 932 809 superius
944 709 1024 786 illud

69 850 191 921 genus,
217 824 347 897 causam
371 842 427 895 aut
446 821 708 897 controversram
730 823 910 919 appellant,
931 831 1024 894 e‘am·
1101 914 1104 918 Δ

69 959 126 1029 que
149 936 280 1024 tribus,
310 935 385 1022 lite,
411 950 466 1003 aut
485 931 742 1022 deliberatione,
770 949 825 1003 aut
838 931 1028 1014 laudatione

69 1042 244 1118 deliniunt:
262 1046 343 1116 haec
356 1061 465 1114 autem
478 1042 580 1113 altera
591 1041 737 1164 quaestio
752 1040 879 1113 infinita
892 1060 924 1113 et
937 1041 1030 1139 quasa

67 1153 264 1249 proposita,
294 1152 489 1228 consultatio
518 1151 719 1224 nominatur.
751 1169 848 1250 atque
870 1153 1031 1226 haetenus

21 1346 25 1353 ,
66 1263 253 1360 loquuntur.
302 1265 410 1334 Etiam
437 1261 531 1334 hac
521 1288 557 1333 m
575 1260 773 1334 instituendo
803 1263 966 1335 divifione
986 1290 1024 1335 u-
1037 1296 1091 1333 u·

65 1390 203 1463 ttmtttr,
221 1371 355 1463 sedita,
377 1397 446 1445 non
457 1390 495 1444 ut
516 1373 610 1461 iure,
636 1391 691 1444 aut
708 1372 857 1461 iudicio,
881 1389 919 1444 ut
931 1356 1030 1446 dem
1123 1397 1127 1405 ·

15 1550 17 1581 :
63 1507 129 1578 que
139 1506 338 1578 recuperare
359 1481 505 1553 amillam
527 1426 784 1579 possessionem,
802 1481 861 1552 sed
870 1503 907 1554 ut
917 1507 959 1553 ex
971 1510 1028 1556 ru

15 1598 17 1607 '
61 1622 96 1669 re
109 1598 215 1685 civili,
235 1597 365 1670 surcrdo
392 1591 637 1694 defringendo,
663 1596 817 1693 usurpare
839 1575 1030 1672 uideantur.

61 1712 147 1781 Nam
160 1707 242 1801 illud
261 1708 398 1780 alterum
408 1732 524 1806 genus,
534 1707 627 1804 quod
641 1707 1028 1804 esttemporibus,locis,

60 1821 124 1892 reis
138 1817 327 1919 definitum,
340 1820 510 1908 obtinent,
523 1836 621 1916 atque
636 1818 776 1915 idipsum
789 1818 914 1890 lacinia.
925 1819 1029 1892 Nunc

60 1930 150 2002 enim
174 1932 263 2026 apud
281 1929 475 2020 Philonem,
496 1955 595 2028 quem
620 1930 654 2000 in
678 1931 855 2003 Academia
879 1932 1025 2003 maxime

59 2038 177 2135 vigere
207 2036 339 2125 audio,
368 2036 466 2108 etiam
497 2037 614 2117 harum
639 2035 704 2107 iam
730 2039 899 2111 causarum
936 2060 1022 2134 cog·

62 2152 150 2224 nitio
178 2148 438 2245 exercitatioque
451 2149 643 2221 celebratur.
692 2149 840 2220 Alterum
854 2173 941 2224 vero
951 2168 1025 2221 tan-
1067 2135 1073 2141 ¹

61 2261 243 2335 tummodo
261 2261 298 2332 in
316 2259 421 2357 prima
443 2279 513 2333 arte
534 2261 692 2332 tradenda
716 2261 909 2348 nominant,
932 2278 966 2329 et
984 2283 1025 2329 o-

65 2373 414 2448 ratorisessedictmt:
445 2374 501 2446 sed
515 2399 621 2470 neque
637 2374 729 2462 vim,
754 2397 860 2470 neque
874 2389 1025 2471 namram
1063 2426 1074 2440 .
1110 2434 1112 2438 .

62 2485 149 2573 eius,
162 2507 225 2556 nec
241 2502 369 2580 partes,
391 2510 453 2557 nec
471 2507 589 2580 genera
602 2500 814 2578 proponunt,
834 2500 872 2554 ut
882 2497 1025 2578 praeter·
1102 2528 1105 2538 -

61 2594 103 2665 iri
120 2592 265 2666 omnino
285 2593 384 2666 fiterit
405 2592 528 2684 satius,
563 2617 663 2689 quam
685 2608 885 2696 attentatum
911 2589 1026 2663 deseri.

61 2730 152 2777 nunc
171 2701 262 2775 enim
282 2703 395 2803 inopia
406 2704 544 2780 reticere
556 2702 779 2802 intelliguntur
790 2727 802 2789 ;
814 2719 887 2776 tum
899 2701 1027 2776 iudicio
1081 2740 1083 2745 ·

62 2815 269 2889 viderentur.
855 2889 856 2894 ,

111 2925 233 3000 Omnis
264 2927 365 3025 igitur
397 2954 450 3003 res
469 2928 618 3002 ¹eandem
649 2927 747 3002 habet
774 2949 923 3003 naturam
949 2949 1021 2997 am·
1046 2944 1092 3018 29

61 3029 219 3151 bigendi,
253 3030 295 3104 de
319 3057 403 3132 qua
417 3035 528 3134 quaeri
546 3057 579 3108 et
599 3033 770 3132 disceptari
793 3031 924 3130 potest,
957 3028 1025 3102 sive
1046 3055 1090 3094 ιιι
1115 3064 1119 3069 -

62 3137 99 3209 in
141 3136 281 3212 infinitis
318 3141 617 3217 consultationibus
646 3141 862 3269 disceptatur,
893 3135 996 3210 sive
987 3163 1024 3208 m

62 3249 104 3323 iis
139 3249 264 3345 causis,
297 3278 381 3350 quae
414 3255 452 3328 in
483 3256 637 3344 civitate,
668 3271 702 3327 et
732 3254 768 3325 in
797 3248 919 3323 ferenti
954 3236 1035 3323 dis-

62 3362 253 3458 ceptatione
284 3363 480 3454 versantur3
510 3389 618 3462 neque
648 3362 695 3436 est
725 3361 808 3454 ulla,
841 3386 926 3461 quae
955 3385 1030 3433 non

63 3488 119 3543 aut
149 3472 193 3544 ad
227 3471 471 3571 cognoscendi,
505 3492 562 3549 aut
595 3473 636 3546 ad
665 3473 783 3570 agendi
816 3475 887 3550 vim
919 3471 1051 3544 ratio-·

62 3603 208 3680 nemque
243 3583 413 3661 referatur.
463 3589 551 3658 Nam
587 3602 643 3656 aut
683 3582 751 3680 ipsa
788 3581 942 3682 cognitio
975 3576 1030 3647 ren
1047 3615 1098 3654 nn

64 3690 265 3790 scientiaque
293 3694 514 3793 perquiritur,
538 3711 609 3783 ut,
624 3693 740 3766 Virtus
764 3690 897 3764 suamne
927 3707 1031 3780 prop

65 3818 116 3873 ter
154 3801 370 3901 dignitatem,
397 3831 465 3878 an
478 3825 615 3912 propter
651 3801 775 3878 finnus
809 3797 937 3894 aliquos
973 3815 1028 3865 ex

725 3897 920 3994 Qa·
