2302 4304
291 404 293 408 .
395 311 768 412 BRUTU&⁴
919 321 1023 433 .½5

65 503 194 556 nornen
226 481 316 556 ellet.
369 485 416 554 Ita
442 483 626 557 'cavendum
652 478 725 570 est,
754 478 901 578 nequid
927 480 962 555 in
990 507 1030 554 a·

68 594 181 692 gendo
201 594 391 670 dicendove
419 592 552 683 facias,
586 592 678 666 cuius
709 587 851 665 imitatio
880 594 1033 669 ride-atur.
1082 650 1083 655 ,

70 709 135 781 sed
165 709 208 781 ad
228 708 330 806 paulo
361 708 564 806 superiorem
591 722 728 779 aetatem
754 703 879 787 revelli
901 701 1032 780 sumus:
1048 702 1091 796 63

69 847 160 894 nunc
180 822 223 894 ad
249 847 344 912 eam,
368 821 414 894 de
445 845 509 918 qua
539 819 743 970 aliquantum
771 812 876 892 locuti
904 818 1034 906 srunus,

70 941 327 1001 revertamur.

119 1032 348 1106 Coniunclus
339 1031 439 1130 rgitur
458 1010 590 1128 Sulpicii
604 1032 750 1105 aetatiP.
772 1030 928 1111 Antistius
950 1031 1012 1105 furt
1019 1039 1097 1123 ,226

71 1140 184 1213 rabula
197 1140 269 1213 sane
287 1139 491 1236 probabilis,
510 1164 568 1236 qur
557 1137 708 1210 multos
722 1164 799 1211 cum
812 1140 959 1214 tacuisset
975 1167 1035 1212 an·

70 1276 155 1346 nor,
179 1269 287 1349 neque
310 1251 479 1323 contemni
499 1250 628 1340 solum,
646 1248 701 1321 sed
722 1248 851 1322 irrideri
865 1249 963 1327 etiarn
975 1251 1047 1323 sot

69 1363 146 1444 litus
157 1363 254 1453 effet,
275 1364 310 1435 in
325 1363 490 1435 tribunatu
515 1363 679 1459 primunr,
697 1380 817 1436 contra
833 1363 874 1437 C.
895 1364 968 1437 Iulii
989 1365 1033 1436 il·
1084 1373 1086 1376 ’
1113 1424 1118 1429 .

11 1459 25 1469 ’
70 1474 137 1546 larn
157 1472 338 1546 consulatus
362 1473 558 1569 petitionem
580 1471 895 1563 extraordinariam,
917 1480 1044 1549 veram
1077 1518 1080 1523 ·

71 1585 200 1658 causam
223 1608 344 1681 agens,
374 1579 421 1656 est
448 1582 605 1678 probatus
613 1597 629 1666 ’ς
664 1598 761 1685 eteo
783 1583 910 1681 magis,
940 1583 1033 1681 quod
1081 1666 1083 1670 ⁸

71 1694 213 1766 eandem
226 1691 359 1766 ‘causam
374 1716 450 1764 cum
462 1711 573 1790 ageret
587 1691 656 1785 eius
668 1691 794 1790 collega
808 1692 861 1764 ille
884 1692 951 1789 ipse
961 1692 1033 1764 Sul·
1071 1747 1075 1766 ι

72 1802 197 1899 picius,
232 1801 287 1873 hic
301 1800 396 1897 plura
418 1816 452 1871 et
475 1798 622 1871 acutiora
646 1799 784 1871 dicebat.
830 1791 946 1897 'ltaque
958 1800 1034 1898 post

72 1911 276 1986 tribunatum
302 1908 413 2005 primo
429 1906 559 1980 multae
581 1909 624 1979 ad
649 1934 727 1980 eurn
749 1910 886 2002 causae,
915 1906 1048 1986 deinde¹

35 2093 44 2109 ‚
73 2042 204 2108 omnes,
228 2016 389 2088 maximae
404 2039 617 2114 quaecunque
642 2034 759 2108 erant,
796 2017 1034 2096 deferebmm

74 2118 163 2198 Rern
190 2121 325 2198 videbat
352 2138 468 2212 acute,
495 2124 719 2218 'componebat
748 2124 937 2222 diligenter,
959 2155 1035 2220 me·
1052 2153 1099 2204 227

19 2228 24 2233 ⁴
74 2234 187 2308 moria
213 2233 364 2308 valebat:
389 2233 500 2306 verbis
527 2258 597 2305 non
615 2235 667 2306 ille
689 2237 826 2332 quidem
850 2241 974 2317 ornatis
993 2272 1035 2317 u·

73 2340 224 2431 tebatur,
249 2342 304 2415 sed
331 2360 441 2416 tamen
471 2369 541 2416 non
564 2340 704 2420 abiectis
754 2350 905 2444 expedita
918 2372 1036 2428 ‘autem

73 2472 147 2527 erat
165 2471 199 2526 et
223 2451 375 2552 perfacile
394 2479 528 2526 currens
548 2446 679 2526 oratio:
708 2472 741 2527 et
769 2473 848 2528 enat.
865 2458 934 2533 eius
961 2465 1035 2560 qui-
1137 2538 1139 2543 ,

75 2566 156 2640 dem
168 2583 322 2686 tanquam
336 2560 466 2637 habitus
483 2589 554 2636 non
571 2565 763 2664 inurbanus:
788 2567 876 2640 adio
901 2573 1036 2667 paulum

74 2699 156 2747 curn
173 2671 259 2746 vitio
276 2671 394 2761 vocis,
436 2695 507 2744 tum
536 2670 637 2763 etiam
660 2670 791 2768 ineptiis
827 2674 1056 2756 claudicabat
1120 2726 1124 2731 ·

76 2777 146 2853 Hic
158 2779 363 2882 temporibus
376 2777 528 2853 floruit
506 2805 565 2868 ιιε,
585 2759 751 2879 quibus,
742 2801 828 2856 mter
853 2776 1036 2882 profedio-

76 2920 158 2968 nem
179 2893 386 2992 reditumque
421 2897 456 2966 L
483 2893 634 2984 Sullae,
625 2889 742 2967 fine
733 2920 802 2968 rure
819 2895 883 2998 fuit
907 2917 940 2971 et
970 2899 1037 2975 fine

77 3004 145 3078 ulla
161 2998 318 3102 dignitate
344 3002 533 3098 respublica.
588 2992 686 3076 Hoc
689 3002 786 3077 etiarn
807 3020 916 3076 autem
933 3009 1037 3104 magis

76 3113 296 3213 probabatur,
309 3112 402 3221 quod
415 3130 484 3185 erat
497 3114 734 3189 aboratorrbus
743 3113 921 3211 quaedam
911 3139 946 3184 ιιι
957 3113 1037 3190 soro
1121 3119 1139 3151 ’·

78 3223 235 3299 solitudo.
295 3204 456 3320 Sulpicius
489 3224 674 3313 occiderat,
709 3225 810 3295 Cotta
840 3215 975 3312 aberat,
1003 3248 1037 3300 et

78 3329 208 3403 Curio:
242 3329 379 3406 vivebat
401 3328 566 3439 ereliquis
579 3332 727 3430 patronis
748 3328 818 3404 eius
843 3333 956 3407 aetatis
979 3361 1036 3409 ne·

77 3464 168 3537 ιιιο,
186 3431 321 3536 praeter
354 3433 556 3516 Carbonem
564 3460 597 3513 et
615 3441 861 3539 Pomponium3
890 3470 1034 3542 quorum

78 3571 260 3652 utrumque
277 3552 372 3632 facile
379 3556 567 3659 superabat.
607 3551 778 3630 Inferioris
797 3576 904 3632 autem
926 3559 1035 3632 aetatis
1047 3556 1098 3646 64

78 3679 155 3737 erat
178 3663 361 3763 „proximus
394 3669 430 3741 L.
456 3667 616 3756 Sisenna,
648 3669 764 3742 <locius
791 3672 846 3746 vir
871 3667 1036 3766 etstudiis
1051 3676 1099 3726 22⁸

80 3772 222 3871 ΟΡῐῑιιιὶε
247 3775 398 3874 dedim,
425 3775 511 3860 bene
523 3776 636 3854 Latine
654 3777 818 3880 loquens,
836 3778 958 3879 gnarua‘
967 3781 1036 3869 rei·¹
1118 3800 1120 3802 ·
