2304 4304
389 322 612 399 LIBER
660 326 718 401 1.=
864 324 897 381 ⁸
967 357 1009 433 5¹

56 507 120 557 rem
146 486 274 580 venit,
312 488 406 584 quod
432 507 601 585 praeterea
630 515 650 561 a
672 489 789 563 Crasso
811 491 1013 592 requiratis?
1035 508 1077 559 161

57 600 162 671 Immo
177 598 212 670 id
225 598 436 687 mehercule,
459 599 593 696 inquit,
615 598 722 695 ipsum
736 603 880 675 attendo.
902 624 1014 681 tantus

57 711 143 783 enim
159 710 271 785 cursus
284 711 467 784 verborum
494 711 582 800 fuit,
607 728 641 782 ct
653 709 700 795 fic,
715 712 864 786 evolavit
884 720 1016 819 orati0‚

59 842 90 892 ut
104 823 176 893 eius
201 821 273 893 virn
296 839 394 918 atque
414 820 643 893 incitationem
661 819 892 915 adspexerim3
915 825 1016 897 vesli-

59 931 107 1029 gia
131 929 379 1029 ingressumque
396 931 458 1004 vix
471 928 699 1025 viderirn,¹et
720 946 877 1027 tanquam
898 931 934 1003 in
961 935 1019 1007 ali·

58 1067 155 1138 quam
163 1040 364 1136 locupletem
377 1065 415 1112 ac
429 1037 585 1110 refertam
599 1038 737 1109 domum
760 1038 910 1110 venirem
924 1088 937 1131 ,
950 1066 1020 1116 non

58 1154 218 1250 explicata
247 1151 362 1243 vesle,
385 1177 493 1250 neque
515 1148 690 1247 proposito
719 1171 886 1247 argento,
911 1177 1020 1251 neque

58 1263 190 1352 tabulis,
215 1283 250 1334 et
270 1261 368 1360 signis
386 1262 559 1359 propalam
586 1258 781 1350 collocatis,
807 1260 863 1334 sed
880 1262 931 1336 his
944 1290 1021 1336 om-

57 1374 151 1446 nibus
172 1373 285 1445 multis
306 1372 555 1472 magnificisque
579 1371 677 1444 rebus
690 1370 882 1448 constiuclis
901 1400 940 1450 ac
966 1401 1021 1450 re-

56 1484 220 1557 conditis:
244 1483 288 1556 src
301 1484 406 1557 modo
424 1485 460 1557 in
472 1482 625 1556 oratione
640 1480 746 1552 eraffi
768 1482 899 1557 divitias
921 1503 1021 1585 atque
1090 1513 1094 1519 ·

54 1618 252 1668 ornamenta
274 1595 344 1669 eius
365 1596 488 1693 ingenii
507 1619 567 1691 per
585 1595 746 1690 quaedam
768 1594 943 1670 involucra
967 1619 1020 1673 at·
1055 1654 1057 1659 ¹

53 1730 122 1809 que
137 1709 363 1806 integumenta
382 1704 556 1802 perspexi·
585 1701 640 1774 sed
654 1727 692 1774 ea
714 1707 1020 1803 cumcontemplari

54 1840 239 1912 cuperem,
261 1814 322 1887 vix
346 1811 528 1909 aspiciendi
555 1807 696 1936 poteslas
719 1806 795 1880 fuit
842 1810 887 1883 ita
913 1836 1023 1912 neque

54 1928 125 1997 hoc
138 1923 269 2019 possum
285 1924 410 2009 dicere,
435 1947 490 1993 me
505 1946 646 1995 ommno
655 1947 830 2020 ignorare,
849 1925 930 2020 quid
944 1928 1023 2022 pos-

56 2033 186 2120 sideat,
210 2056 318 2128 neque
339 2032 436 2127 plane
459 2030 573 2119 nosse,
597 2054 635 2102 ac
648 2027 777 2103 vidisse
826 2033 1020 2125 Quintui-
1039 2049 1086 2106 162

55 2085 244 2241 gitursacis
257 2140 395 2212 idem
356 2137 688 2237 ‚inquitScaevola,
712 2138 806 2236 quod
819 2138 972 2231 faceres,
997 2142 1054 2214 fi

54 2253 95 2325 in
107 2250 248 2348 aliquam
261 2250 411 2336 domum,
423 2250 556 2347 plenam
560 2272 835 2323 ornamentorum
848 2250 948 2336 illam,
961 2276 1023 2323 ve-
1118 2336 1120 2341 ‚

57 2357 182 2431 nisles?
208 2359 241 2429 si
267 2382 305 2430 ea
326 2358 487 2456 seposita,
511 2376 549 2431 ut
553 2352 680 2443 dicis,
704 2355 832 2443 essent,
862 2375 899 2429 tu
925 2359 1022 2431 valde

59 2462 225 2560 spoliandi
237 2465 375 2561 cupidus
383 2465 464 2538 esses
478 2489 489 2550 ;
513 2488 583 2535 non
599 2461 764 2533 dubitares
778 2485 897 2559 rogare
910 2463 1022 2536 domi-

59 2597 166 2659 num,
182 2590 220 2644 ut
235 2571 380 2668 proferri
407 2574 555 2661 iuberet,
573 2568 763 2669 praesertim
779 2569 804 2643 fi
822 2573 903 2648 esses
924 2574 1022 2649 fami·

58 2681 172 2754 liaris.
181 2682 341 2756 fimiliter
363 2707 452 2755 nunc
480 2702 572 2780 petes
598 2707 618 2754 a
645 2682 788 2774 Crasso,
813 2707 850 2758 ut
870 2711 943 2759 eam
961 2673 1036 2761 co?

59 2788 169 2884 piam
183 2813 458 2865 ornamentorrun
491 2791 650 2875 suorum,
676 2815 775 2889 quam
802 2795 1021 2871 constructam

60 2920 132 2966 uno
156 2899 191 2968 in
219 2898 324 2987 loco,
349 2899 438 2996 quasr
447 2922 522 3024 ’per
548 2893 755 2972 transennam
777 2922 1023 2997 praetereuntes
1129 2902 1135 2923 ¹

56 3008 196 3082 stridim
219 2951 455 3107 aspeximus,
445 3036 482 3081 m
503 3009 610 3082 lucem
615 3008 794 3106 proferat,
809 3025 842 3082 et
856 3011 914 3083 suo
928 3011 1023 3108 quid·

59 3145 128 3216 que
152 3118 186 3190 in
218 3119 297 3192 loco
325 3119 477 3191 collocet
525 3122 607 3242 Ego⁰
625 3142 734 3206 vero,
761 3117 883 3216 inquit
895 3120 1021 3212 Cotta,
1037 3135 1082 3227 ¹⁶³

60 3253 82 3298 a
101 3249 135 3299 te
157 3246 261 3324 peto,
283 3226 461 3325 Scaevola:
479 3252 539 3299 me
555 3227 671 3314 enim,
685 3244 719 3299 et
738 3225 826 3299 hunc
843 3227 1023 3332 Sulpicium

61 3336 203 3462 impedit
239 3339 349 3433 pudor
380 3337 422 3411 ab
449 3336 590 3410 homine
619 3336 771 3408 omnium
804 3328 1022 3436 gravissimo,

62 3448 124 3545 qui
151 3472 253 3547 genus
274 3446 463 3519 huiusmodi
482 3445 709 3543 disputationis
718 3446 850 3565 semper
871 3469 1022 3525 contem·

62 3556 140 3631 serit
152 3610 164 3645 ,
188 3557 294 3648 haec,
311 3543 468 3656 quaeisti
489 3556 626 3630 forfitan
649 3561 829 3655 puerorum
861 3562 1024 3635 elementa

65 3667 270 3759 videantur,
285 3667 468 3765 exquirere.
493 3667 549 3741 sed
564 3689 601 3740 tu
613 3669 680 3743 hoc
700 3670 797 3744 nobis
817 3671 884 3761 da,
922 3669 1019 3738 Scae·

67 3781 175 3876 volo,
197 3798 232 3855 et
245 3779 392 3894 perfice,
417 3800 455 3854 ut
484 3778 615 3857 Crassus
636 3782 741 3876 haec,
757 3780 1022 3950 1quaecoarda-

40 3919 43 3924 ·
494 3910 496 3913 ·
814 3899 834 3950 ι
