2302 4304
134 326 206 412 ςμ
465 310 776 385 nunaut

138 470 278 573 eligendi
299 471 442 571 potestas
468 472 566 565 esset,
604 496 805 573 quemquam
832 472 884 550 his
905 488 1097 576 'antepone'

79 598 119 677 51
139 583 222 655 bari
271 582 362 654 Tum
394 582 540 671 Bmtus,
580 578 685 675 Quid·
707 600 765 668 tu,
801 583 931 682 inquit,
971 588 1096 686 quaerit

76 716 124 769 ¹90
139 692 243 766 alios?
274 693 315 764 de
336 691 458 788 teipso
480 715 614 783 nonne,
640 693 721 790 quid
741 709 897 790 optarent
923 696 994 788 rei,
1017 698 1093 797 quid

138 805 207 902 ipse
230 800 423 876 Hortensius
442 797 617 887 iudicaret,
651 800 871 874 videbamus?
900 805 989 902 qui,
1020 829 1091 878 curn

138 915 317 1014 partiretur
345 930 455 985 tecum
487 912 613 1002 causas,
640 910 759 1010 (saepe
787 913 878 984 enim
912 914 1109 1013 interfui,),

138 1023 315 1125 perorandi
351 1022 487 1113 locum,
524 1022 581 1095 ubi
612 1020 791 1119 plurimum
826 1024 930 1120 pollet
964 1031 1089 1118 oratio,

137 1135 265 1232 semper
282 1133 342 1205 ribi
363 1130 575 1229 relinquebat.
624 1130 775 1202 Faciebat
791 1128 844 1204 ille
865 1135 1024 1232 quidem,
1043 1139 1088 1209 in·
1119 1238 1121 1243 Ι

137 1267 258 1341 quam3
281 1241 432 1333 etmihi,
454 1242 711 1333 benevolentia,
738 1243 859 1334 credo,
889 1246 1088 1340 dutrunrri·

136 1353 257 1428 buebat
284 1353 408 1425 omnia.
456 1355 519 1424 Sed
546 1379 632 1452 ego,
667 1376 751 1453 quae
769 1357 810 1428 de
834 1381 891 1428 me
914 1360 1086 1455 populifit

135 1465 277 1562 opinio,
304 1460 434 1535 nescio:
462 1463 503 1534 de
517 1459 650 1560 reliquis
669 1457 741 1538 hoc¹
756 1465 911 1554 affirmo,
929 1468 990 1565 qui
1002 1466 1086 1569 vulgi

64 1576 68 1583 ’
134 1575 294 1671 opinione
324 1571 519 1646 disertiffimi
549 1573 652 1647 habiti
689 1575 772 1666 fint,
807 1578 946 1650 eosdem
975 1580 1086 1654 intelli·

73 1674 116 1769 ιρι
133 1674 281 1784 ¹gentium
305 1709 440 1783 quoque
461 1683 587 1757 iudicio
610 1685 705 1758 fuisse
724 1687 984 1783 probatiffnnos.
1004 1692 1084 1765 ,Nec

85 1846 88 1855 -
132 1792 221 1867 enim
247 1795 355 1893 posset
380 1796 469 1867 idem
493 1796 735 1870 Demosthenes
760 1798 888 1889 dicere,
913 1802 1019 1898 :quod
1037 1801 1083 1872 di-

31 1947 35 1954 ·
105 1928 108 1935 ·
132 1907 212 1979 xisse
233 1907 490 1997 Antimachum,
520 1906 668 1980 Clarium
692 1925 848 2005 poetam,-
872 1907 1007 2002 ferunt,
1032 1907 1084 2010 qui

102 2011 106 2019 ¹
130 2048 208 2096 cum
231 2021 425 2096 convocatis
443 2019 647 2094 auditoribus
666 2022 787 2119 legeret
800 2022 847 2095 eis
869 2048 1028 2121 magnum
1047 2025 1083 2097 il·

56 2126 61 2135 '
130 2127 209 2218 lud,
245 2127 339 2226 quod
366 2124 525 2218 novistis,
552 2128 711 2200 volumen
735 2128 849 2221 suum,
880 2149 916 2204 et
938 2158 1014 2206 eum
1039 2134 1082 2206 le·

131 2254 263 2337 gentem
298 2263 435 2330 omnes,
476 2259 607 2335 praeter
640 2238 830 2331 Platonem,
866 2246 1081 2345 reliquissent,

130 2355 265 2446 Legum,
300 2349 424 2450 inquit,
458 2356 562 2422 nihilo
592 2355 722 2423 minus:
754 2358 858 2439 ¹Plato
890 2360 975 2428 enim
1007 2356 1083 2428 mili

130 2490 214 2531 renus
240 2463 339 2563 instar
363 2464 402 2562 cst
423 2466 564 2534 omnium
589 2463 734 2535 millium.
757 2484 790 2535 et
817 2467 914 2540 felle.
967 2472 1083 2541 Poema

130 2567 220 2638 enim
239 2570 447 2642 reconditum
471 2597 652 2668 paucorum
686 2573 985 2669 approbationem,
1011 2601 1082 2649 ora·

129 2669 179 2740 tio
199 2671 368 2764 popularis
391 2672 558 2746 adsensum
583 2677 674 2774 vulgi
699 2677 796 2748 debet
822 2701 973 2753 movere.
1022 2686 1081 2770 At,

128 2777 152 2847 sr
175 2779 315 2849 eundem
334 2778 422 2854 hunc
436 2783 606 2856 Platonem
624 2804 727 2857 unum
748 2787 934 2860 auditorem
955 2789 1100 2861 haberet.

128 2886 390 2978 Demosthenes,
416 2917 491 2963 cum
506 2893 587 2964 esser
604 2895 731 2967 relielus
752 2921 771 2965 a
793 2895 932 2985 ceteris,
944 2897 1080 2970 verbum

64 3034 108 3087 192
124 3001 325 3079 facere‘non
349 3001 465 3099 posset.
520 3002 641 3095 Quid?
666 3020 723 3093 tn,
759 3004 875 3091 brute,
908 3003 1034 3097 posses,
1054 2999 1080 3072 si

124 3131 178 3201 te,
199 3129 253 3197 ,ut
280 3112 462 3185 Curionem
490 3112 699 3210 quondam,
724 3110 847 3184 concio
880 3109 1080 3210 reliquisset?

124 3224 198 3316 Ego
215 3246 319 3312 vero,
343 3222 450 3321 inquit
470 3221 540 3310 ille,
565 3239 603 3293 ut
622 3246 676 3291 me
699 3221 759 3293 tibi
783 3219 955 3310 indicem,
979 3221 1013 3292 in
1036 3219 1079 3294 eis

77 3382 80 3386 ι
124 3332 224 3404 etiam
246 3335 369 3424 causis,
408 3335 444 3408 in
463 3335 582 3432 quibus
599 3335 717 3406 omnis
736 3358 789 3406 res
814 3333 912 3405 nobis
931 3358 1010 3406 cum
1031 3332 1078 3402 iu-

124 3443 250 3516 dicibus
266 3443 328 3534 est,
355 3471 425 3518 non
443 3471 520 3518 cum
542 3447 669 3541 populo
681 3487 704 3534 ,·
719 3463 848 3535 tamen,
876 3445 900 3517 st
921 3434 1078 3521 a‘corona

124 3559 250 3632 relislns
270 3559 348 3648 srm,
375 3583 444 3635 non
469 3584 586 3657 queam
610 3559 729 3632 dicere.
778 3563 825 3633 Ita
848 3559 901 3649 se,
925 3556 1076 3657 inquam,

122 3693 174 3741 res
199 3670 319 3742 haber:
345 3692 405 3760 ut,
433 3668 457 3740 sr
486 3668 584 3740 tibiae
610 3664 740 3738 inflatae
763 3693 834 3738 non
856 3668 1005 3741 referant
1029 3665 1078 3736 so·

123 3805 224 3879 num,
261 3780 461 3863 abiicienda
487 3803 541 3857 eas
575 3779 635 3857 srbi
656 3779 779 3861 tibicen
800 3794 917 3875 putem
941 3776 987 3855 fic
1005 3796 1075 3852 orae
1123 3886 1125 3895 Ι
