2302 4304
141 280 189 380 p
372 266 875 359 uuonnroni

139 440 303 514 moriafic
329 443 408 516 esset
421 443 611 541 proditum,
636 430 735 545 quem
755 465 846 544 pater
864 447 936 520 suus
949 465 1006 520 aut
1031 458 1111 544 po·'-

140 554 234 650 pulus
256 557 474 649 vendidisset,
503 579 560 634 aut
581 580 821 659 paterpatratus
839 550 1037 649 dedidisset,
1064 562 1097 635 ei

81 680 124 731 282
141 656 263 734 nullum
289 664 352 736 esse
366 613 612 761 postliininiutn.
669 672 780 762 Quam
793 670 961 766 possumus
974 672 1099 768 reperi·

140 805 177 854 re
186 805 227 852 ex
239 780 393 854 omnibus
402 783 505 855 rebus
518 783 673 856 civilibus-
685 783 812 857 causam
827 785 1099 858 contentionem·
1112 823 1117 831 ·

140 912 205 985 que
225 889 407 981 maiorem,
429 893 584 986 quamde
606 894 744 980 ordine,
769 895 809 967 de
827 893 981 982 civitate,
1003 894 1046 966 de
1060 895 1097 966 li·

30 1053 33 1059 ·
139 999 290 1089 bertate,
314 1002 356 1072 de
375 1002 481 1097 capite
508 1003 653 1075 hominis
679 1002 878 1089 consularis;
904 1001 1096 1100 praesertim

88 1154 90 1159 η
139 1130 215 1177 cum
238 1108 320 1182 haec
342 1108 468 1180 nonin
496 1107 632 1181 crimine
646 1109 779 1206 aliquo,
803 1109 895 1206 quod
922 1108 974 1179 ille
988 1108 1100 1204 posset

28 1228 31 1235 '
139 1215 297 1304 infitiari,
323 1217 378 1290 sed
391 1218 529 1307 incivili
541 1221 622 1293 iure
640 1222 853 1296 consisteret?
882 1219 1051 1320 Similique
1061 1223 1098 1326 in

138 1352 278 1424 genere,
300 1329 457 1405 inferiore
480 1332 619 1421 ordine,
641 1332 666 1403 st
688 1334 760 1430 quis
773 1334 860 1431 apud
873 1359 935 1407 nos
948 1332 1098 1408 serviffet

138 1461 181 1506 ex
203 1437 333 1537 populo
350 1437 544 1531 foederato,
570 1440 700 1539 seseque
714 1443 902 1534 liberasset,
929 1469 966 1516 ac
967 1443 1099 1539 postea

139 1553 276 1629 domurn
298 1551 494 1642 revenisses
512 1556 695 1664 quaesitum
716 1556 762 1629 est
778 1557 864 1653 apud
878 1555 1019 1629 maiores
1033 1581 1098 1630 no·

138 1660 246 1754 siros,
272 1692 351 1738 num
367 1667 396 1738 is
418 1667 470 1738 ad
475 1665 551 1740 suos
577 1667 780 1764 postliminio
811 1666 989 1740 rediisset
967 1719 982 1754 ,
1005 1692 1098 1745 eta·

78 1795 120 1861 183
137 1775 268 1851 misisset
284 1771 369 1852 hanc
384 1778 565 1867 civitatem
619 1777 712 1870 Quid
726 1777 740 1848 i
768 1777 810 1849 de
830 1776 1003 1862 libertate,
1026 1797 1100 1899 quo

109 1884 294 1965 iudicium
316 1889 450 1986 gravius
467 1887 533 1963 esse
546 1886 669 1969 nullum
687 1884 817 1983 potest,
843 1911 955 1967 nonne
969 1909 1011 1957 ex
1025 1885 1100 1959 iure

23 2054 47 2065 ,.
137 1997 229 2073 civili
260 1999 368 2096 potest
397 1999 463 2073 esse
490 1999 689 2088 contentio,
727 2024 803 2073 curn
827 1997 1019 2117 quaeritur,
1047 1998 1097 2090 is,

135 2131 194 2202 qur
184 2106 338 2180 domini
355 2109 528 2183 voluntate
541 2105 654 2181 census
667 2051 728 2194 sit,
755 2104 984 2189 continuone,
1005 2128 1099 2176 anu·

135 2213 171 2286 bi
197 2216 331 2291 lustrum
353 2217 550 2311 conditum,
573 2216 656 2289 liber
678 2214 747 2287 stt?
781 2213 890 2308 Quid,
916 2212 1008 2310 quod
1021 2214 1099 2303 usu,

60 2398 62 2403 ,
136 2326 299 2399 memoria
320 2350 474 2424 parrum,
510 2328 625 2418 venit,
643 2344 682 2399 ut
696 2323 955 2424 paterfamilias,
975 2324 1033 2422 qui
1055 2349 1100 2401 err

136 2435 291 2533 Hispania
301 2439 445 2513 Romam
456 2438 609 2530 venisset,
623 2462 702 2510 cum
713 2460 853 2528 uxorem
863 2451 1102 2531 praegnantem

135 2545 172 2617 in
184 2548 359 2642 provincia
370 2549 569 2648 reliquisset,
601 2549 811 2642 -Romaeque
839 2544 971 2615 alteram
985 2543 1100 2615 duxis-

90 2657 208 2745 ·;set,
232 2684 340 2756 neque
364 2661 515 2733 nuntium
534 2658 640 2754 priori
664 2653 857 2744 remisisset,
882 2669 1101 2752 mortuusque

102 2795 105 2800 ·
137 2768 217 2842 effer
234 2767 411 2855 intestato,
436 2787 532 2841 etex
545 2786 683 2866 utraque
696 2765 781 2837 filius
794 2780 888 2836 natus
903 2760 1010 2849 esset3
1029 2788 1099 2835 me·

137 2875 301 2953 diocrisne
329 2900 381 2949 res
408 2876 443 2948 in
461 2875 723 2951 controversiam
746 2877 884 2949 adduua
899 2872 975 2947 est?
1019 2899 1098 2947 cunt

137 3005 349 3087 quaereretur
367 2987 414 3068 de
429 2987 598 3061 duobus
570 2987 694 3062 civium
709 2987 885 3084 capitibus,
912 3007 945 3057 et
959 2984 999 3071 de
1012 3009 1099 3080 pue·
1117 3037 1121 3045 -

137 3105 206 3188 ro,
234 3098 294 3198 qui
315 3123 358 3171 ex
374 3098 558 3197 posteriore
579 3116 776 3181 manserat,
808 3114 841 3168 et
868 3093 1000 3167 deeius
1026 3118 1106 3176 ma·,

43 3269 48 3279 .
138 3224 210 3292 tre3
234 3205 373 3305 quae,sr
399 3207 625 3297 iudicaretur,
649 3205 747 3279 certis
758 3203 952 3303 quibusdam
967 3202 1100 3294 verbis,

45 3339 48 3345 ·
139 3342 210 3390 non
231 3320 329 3394 novis
347 3320 482 3418 nuptiis,
508 3318 581 3392 sieri
602 3344 678 3391 curn
696 3316 864 3414 superiore
886 3313 1100 3405 divortium,

80 3447 125 3511 184
140 3426 389 3504 inconcubinae
415 3424 527 3504 locum
553 3430 735 3502 duceretur.
797 3427 888 3498 Haec
911 3423 1036 3521 igitur,
1061 3443 1098 3496 et
1130 3467 1134 3472 -

139 3538 261 3611 horum
282 3536 394 3610 similia
406 3538 563 3618 iurasuae
581 3537 724 3610 civitatis
745 3535 980 3633 ignorantem,
1005 3557 1100 3605 erec·

130 3669 210 3725 ,tum
224 3670 265 3726 'et
278 3652 422 3743 celsum,
445 3653 543 3725 alacri
561 3671 594 3724 et
603 3669 763 3749 prompto
776 3676 837 3724 ore
850 3675 888 3722 ac
901 3648 1009 3736 vultu,
1029 3648 1098 3743 hue

139 3779 236 3857 atque
247 3759 325 3857 illuc
345 3759 552 3854 intuentem,
578 3760 692 3862 vagari
715 3785 932 3860 magnacum
960 3781 1104 3841 caterva.
