2304 4304
383 316 707 390 ontrou
779 269 784 279 ’
940 338 1009 419 n,

50 468 175 574 scopas
187 467 240 574 [ut
261 475 306 549 ita
316 475 448 583 dicam]
463 476 544 550 mihi
561 477 717 553 videntur
734 476 919 583 dissolvere.
947 485 1010 553 At-

51 610 143 682 que,
171 604 208 658 ut
227 586 322 682 plane
349 611 451 683 genus
470 587 556 678 hoc,
580 589 674 686 quod
696 613 761 688 ego
781 590 898 677 laudo,
924 587 1010 670 fcou·

52 690 196 763 temsitse
213 692 408 781 videantur,
435 711 490 767 aut
503 695 650 769 scribant
669 695 791 794 aliquid
808 696 862 772 vel
882 698 1010 770 Isocra-

53 822 115 883 teo
148 827 260 892 more,
288 802 342 875 vel
370 829 440 901 quo
465 805 660 893 Aeschines,
687 826 759 880 aut·
768 808 1011 883 Demosthenes

40 913 181 1013 'utitur3
214 931 286 986 tum
307 913 381 986 illos
403 914 598 988 existimabo
620 941 690 989 non
712 906 944 1012 desperatione
956 944 1010 990 re·

53 1024 280 1117 fonnidavisse
300 1052 402 1123 genus
420 1027 511 1117 hoc,
535 1028 590 1100 sed
615 1028 740 1103 iudicio
760 1027 955 1127 refugisse:
952 1046 1010 1102 aut

53 1134 240 1233 reperiant,
264 1133 333 1229 ipsa
350 1120 464 1207 eaden’r
491 1135 684 1207 conditione
700 1130 758 1232 qui
777 1136 824 1207 uti
844 1132 956 1227 velit,
971 1158 1010 1210 ut

55 1247 114 1318 aut
125 1246 246 1341 dicat,
269 1264 324 1317 aut
338 1245 472 1336 scribat,
496 1271 569 1319 utra
589 1247 682 1320 volet
697 1247 827 1344 lingua,
852 1270 896 1320 eo
909 1273 1010 1346 gene-

55 1380 113 1446 re,
138 1382 207 1455 quo
225 1301 270 1448 illi
291 1357 422 1430 volunt.
470 1356 607 1429 Facilius
626 1357 680 1434 est
694 1359 782 1429 eninr
800 1379 874 1465 apta
894 1359 1008 1432 dissol

55 1490 154 1555 vere,
178 1480 277 1565 qu'am
296 1466 442 1562 dislipata
460 1469 679 1540 conneslere.
694 1468 780 1542 Res
797 1487 905 1542 autem
919 1469 950 1544 se
964 1471 1007 1545 stc
1027 1492 1075 1560 236

50 1576 172 1667 habet,
198 1577 250 1676 (ut
276 1577 464 1651 brevissime
489 1579 596 1651 dicam
616 1579 708 1676 quod
736 1579 899 1704 sentio,)
912 1608 1008 1655 com-

57 1684 185 1781 postte,
210 1707 244 1759 et
260 1706 355 1785 apte,
381 1685 447 1757 stne
460 1685 623 1759 sententiis
643 1687 769 1800 dicere,
799 1677 920 1761 insania
938 1693 1006 1764 est:

54 1792 249 1865 sententiose
272 1810 379 1865 autern
398 1788 465 1864 fine
488 1789 670 1866 verborum
688 1812 721 1865 et
730 1776 859 1868 ordine
881 1815 914 1870 et
933 1826 1007 1871 mo
1131 1809 1134 1814 '

55 1903 121 1996 do,
144 1903 301 1991 infantia;
336 1904 391 1976 sed
410 1903 571 1978 eiusmodi
591 1920 701 1977 tamen
729 1903 882 1995 infantia,
909 1927 946 1980 ut
968 1934 1007 1989 ω

54 2019 115 2116 qui
145 2037 299 2108 utantur,
333 2026 404 2088 non
435 2015 524 2099 stulti
555 2008 706 2114 homines
732 2017 843 2114 haberi
871 2021 1008 2116 possint,
1048 2058 1049 2062 ¹
1143 2016 1145 2022 ⁸

20 2160 25 2169 ·
57 2121 158 2196 eriam
172 2123 370 2222 plerumque
384 2127 576 2221 prudentes:
602 2153 671 2226 quo
688 2128 745 2225 qui
761 2128 808 2200 est
820 2150 1006 2217 contentus,
1078 2131 1082 2141 '

56 2251 176 2307 utatur.
208 2236 372 2335 Eloquens
390 2262 497 2327 vero,
517 2237 676 2334 quinon·
688 2238 941 2334 approbationes
954 2243 1006 2313 so·

55 2343 146 2434 lum,
172 2344 226 2419 sed
252 2347 500 2431 admirationes,
528 2345 709 2434 clamores,
740 2345 885 2468 plausus,
919 2345 942 2417 s1
963 2346 1005 2417 li-

19 2459 22 2466 '
55 2474 147 2546 ceat,
170 2481 308 2531 movere
322 2456 438 2546 debet,
460 2456 613 2529 omnibus
635 2472 770 2552 oportet
784 2455 829 2524 ita
846 2452 944 2526 rebus
957 2477 1007 2523 ex

54 2565 166 2650 cellar,
184 2582 222 2637 ut
244 2563 275 2636 ei
295 2587 391 2661 turpe
409 2564 466 2653 fit,
492 2562 671 2661 quidquam
690 2579 746 2634 aut
764 2561 921 2658 spellari,
951 2561 1007 2683 au't

54 2675 162 2748 audiri
188 2675 398 2749 libentius.

103 2785 244 2874 Habes
228 2808 338 2859 meum
352 2783 393 2855 de
409 2801 560 2874 oratore,
581 2783 695 2868 Brute,
717 2779 893 2854 iudicium:
914 2782 1007 2880 quod
1025 2798 1073 2851 ²37

45 2916 111 2979 ‚aut
128 2895 279 2995 sequere,
305 2893 329 2966 fi
350 2895 565 2992 probaveris3
589 2912 645 2965 aut
662 2911 719 2966 tuo
736 2893 852 2984 stabis,
874 2893 899 2965 fi
920 2895 1007 2965 aliud

28 3005 42 3101 J
55 2998 227 3100 quoddar'n
246 3000 292 3073 e'st
310 3011 414 3075 tuum.
433 3002 469 3075 in
491 3025 560 3100 quo
584 3009 690 3098 neque
710 2999 867 3097 pugnabo
885 3013 1008 3086 tecum,
1082 3077 1085 3085 x

10 3184 29 3201 ,,
52 3138 167 3211 neque
179 3114 247 3187 hoc
268 3138 398 3204 meum,
423 3115 463 3185 de
483 3136 552 3210 quo
575 3128 745 3204 tantopere
767 3109 835 3178 hoc
850 3104 939 3186 libro
960 3104 1008 3175 as·
1109 3127 1114 3133 ·

52 3222 205 3298 severavi
214 3247 381 3346 ,unquam
395 3221 564 3293 affirmabo
574 3217 638 3290 esse
649 3215 771 3302 verius,
791 3237 890 3311 quarn
902 3235 1009 3287 tuum.

52 3331 166 3405 Potest
197 3333 286 3405 enim
313 3358 383 3405 non
402 3333 509 3424 solum
534 3329 622 3401 aliud
647 3328 749 3418 mihi,
782 3352 820 3400 ac
844 3328 925 3415 tibi,
952 3329 1007 3402 sed

52 3445 144 3517 mihi
141 3442 221 3550 ipsr
241 3443 329 3515 allud
351 3441 425 3516 alias
450 3438 578 3521 uideri.
605 3462 666 3510 nec
687 3437 721 3508 in
737 3381 802 3511 liae
820 3439 926 3513 modo
949 3463 1008 3527 re,
1065 3527 1068 3536 Ι
1107 3488 1109 3493 ,

53 3576 190 3648 quae
141 3541 200 3622 ad
224 3549 318 3648 vulgi
339 3522 497 3632 assensutn
519 3542 660 3642 spedat,
685 3563 719 3617 et
739 3549 780 3621 ad
797 3547 925 3625 aurium
943 3570 1007 3627 vo-

55 3641 236 3786 luptaterp3
263 3683 356 3784 quae.
360 3658 428 3730 duo
442 3655 518 3741 sunt
533 3655 585 3726 ad
590 3655 800 3727 iudicandum
816 3654 1010 3732 noviffitna·

10 3747 113 3846 *sed
130 3797 171 3846 ne
193 3771 229 3844 in
248 3761 401 3848 marinis
424 3750 563 3906 (11111111
580 3753 678 3866 rehu?
687 3760 877 3882 (1111111311
901 3760 1008 3839 adhuc
1123 3876 1126 3882 -
