2302 4304
395 332 795 424 ulturus.··¹
886 312 1054 443 33n..

64 511 143 565 nem
163 518 251 568 vero
277 495 360 594 quis
369 493 560 566 nostrorum
582 516 784 578 oratorum,
808 489 865 587 qui
889 490 1067 588 quidem65
1112 508 1115 513 ’

63 630 155 676 nunc
169 606 261 698 sunt,
288 607 387 705 legit}
412 624 467 678 aut
481 606 553 703 quis
570 605 669 678 novit
680 599 842 676 omnino}
871 602 915 671 At
925 625 1024 696 quem

63 716 207 788 virum?
232 715 277 787 dii
295 715 377 787 boni
392 715 408 788 l
444 717 542 815 mitto
566 714 676 788 civem
690 766 702 802 ,
717 805 719 810 Ι
733 731 788 782 aut
817 708 1024 797 senatorem,

63 846 122 900 aut
144 828 399 925 imperatorem:
424 818 595 919 oratorem
606 824 696 896 enim
709 817 882 903 hocloco
901 815 1025 913 quaeri·

62 937 164 1010 niuis:
189 939 263 1038 quis
283 940 346 1011 illo.
365 938 500 1037 gravior
526 937 561 1008 in
578 931 780 1007 laudando?
819 928 969 1002 acerbior
991 927 1027 998 in

64 1051 313 1148 vituperando?
337 1055 372 1126 in
386 1053 552 1126 sententiis
574 1048 749 1148 argutior?
770 1047 805 1118 in
823 1042 978 1116 docendo
991 1063 1027 1110 e·
1047 1111 1049 1116 .

64 1156 498 1257 differendoquesubtiliorl
526 1159 678 1233 Refertae
689 1156 762 1228 sunt
775 1151 942 1225 orationes
953 1173 1026 1220 am-

64 1265 152 1360 plius
171 1286 304 1369 centum
322 1270 558 1370 quinquaginta
587 1269 686 1369 (quas
701 1258 836 1364 quidem
850 1260 957 1333 adhuc·
974 1257 1041 1328 in·‘
1084 1290 1095 1306 -·

66 1377 219 1451 venerim
232 1390 248 1469 ‚'
270 1400 304 1453 er
317 1381 472 1480 legerim)
498 1403 531 1454 et
543 1381 656 1456 verbis
670 1392 694 1469 ,'
716 1398 750 1450 et
774 1377 871 1447 rebus
897 1368 1027 1443 illustri·
1053 1386 1064 1401 ·‘

66 1485 139 1559 bus.
162 1487 239 1561 licet
254 1515 296 1563 err
320 1492 370 1563 his
383 1492 502 1591 eligant
521 1517 582 1579 ea,
601 1513 684 1587 quae
705 1487 875 1559 notatione
885 1497 919 1554 et
932 1480 1026 1551 laude
1061 1564 1063 1569 .

65 1594 166 1690 digna
177 1595 260 1683 sint;
287 1625 402 1673 omnes
415 1601 580 1672 oratoriae
593 1599 730 1672 virtutes
748 1595 783 1665 in
800 1595 848 1667 eis
859 1589 1026 1687 reperien-

63 1724 129 1785 tur.
156 1706 225 1775 Iam
239 1732 324 1780 vero
338 1708 492 1806 Origines
505 1707 573 1779 eius
590 1731 691 1804 quern
703 1702 839 1791 florem,
863 1719 920 1773 aut
932 1700 1073 1809 quod6⁶

62 1817 176 1891 lumen
203 1820 412 1918 eloquentiae
433 1848 503 1895 non
514 1821 663 1895 habent?
690 1807 1030 1916 Ammoreshuicdess
1100 1907 1105 1919 Ι

64 1923 159 2011 sunt,
192 1924 286 2000 sicuti
305 1930 415 2001 multis
432 1929 497 2007 iam
520 1948 594 2003 ante
611 1928 723 2003 seculis
741 1947 775 2001 et
800 1925 934 2001 Philisto
960 1926 1025 2022 Sy·
1065 1939 1075 2024 Ἰ

62 2037 215 2128 racus10‚
231 2062 264 2112 et
277 2041 338 2137 ipfi
360 2043 563 2142 Thucydidi.
611 2045 697 2145 Nam
715 2061 753 2114 ut
767 2042 887 2114 horum
910 2038 1024 2112 conci-

63 2145 105 2217 sis
127 2146 312 2239 sententiis,
336 2149 501 2226 interdum
516 2151 615 2223 etiam
628 2175 698 2221 non
711 2149 785 2221 satis
797 2149 936 2243 apertis,
948 2171 1024 2217 cum
1099 2202 1105 2209 .

62 2256 249 2348 brevitate,
272 2276 344 2331 tum
372 2261 478 2332 nimio
500 2261 676 2345 acumine,
699 2257 806 2329 officit
826 2257 1050 2350 Theopoms

63 2392 126 2461 pus
145 2367 287 2441 elatione
315 2389 413 2467 atque
432 2369 602 2464 altitudine
629 2367 791 2440 orationis
812 2365 908 2438 suae:
933 2367 1025 2462 quod

62 2477 155 2549 idem
178 2477 293 2576 Lysiae
308 2479 553 2553 Demosthenes
568 2506 585 2567 3·
618 2479 662 2552 sic
694 2477 832 2551 Catonis
850 2476 1025 2551 linninibus

63 2586 227 2661 obstruxit
249 2591 329 2664 haec
342 2590 575 2688 posteriorum
597 2587 688 2689 'quasi
717 2588 910 2688 exaggerata
932 2589 1028 2662 altius
1080 2669 1084 2675 ,

63 2697 185 2769 orario.
222 2699 331 2772 Sedet
349 2701 385 2771 in
406 2698 527 2771 nostris
545 2699 670 2791 inscitia
692 2700 762 2792 est,
788 2701 881 2799 quod
903 2699 926 2771 ii
947 2700 1024 2796 ipsi,
1041 2708 1072 2774 67

62 2807 123 2904 qui
143 2808 178 2880 in
201 2802 556 2908 Graecislantiquita‘te
575 2814 800 2901 delectantur,
831 2837 934 2910 eaque
948 2811 1024 2883 sub·

60 2915 197 3007 tilitate,
219 2943 319 3015 quam
344 2921 498 2993 Atticam
511 2923 702 3018 appellant,
737 2924 825 2995 hanc·
838 2923 873 2994 in
892 2923 1024 2996 Catone

62 3043 321 3100 non'noverunt
354 3029 510 3125 quidem:
537 3031 730 3133 Hyperidae
757 3031 875 3103 volunt
900 3029 963 3100 elle
990 3050 1030 3118 et·

62 3134 191 3232 Lysiae.
230 3138 356 3231 Laudo.
374 3140 430 3211 sed
441 3159 501 3212 cur
513 3141 632 3227 nolunt
643 3138 809 3215 Catonis?
839 3139 950 3211 Attico
964 3132 1023 3237 ge·

61 3270 144 3317 nere
172 3245 305 3320 dicendi
321 3248 352 3319 se
379 3241 521 3347 gaudere
541 3250 669 3323 dicunra
698 3249 867 3344 Sapienter
891 3249 1023 3347 id··qui-
1040 3283 1072 3334 62
1103 3245 1119 3334 J

55 3351 151 3422 dem.
189 3354 298 3452 Atque
320 3357 447 3428 utinam
478 3358 706 3447 imitarentur,
730 3383 791 3433 nec
809 3358 877 3432 ossa
899 3359 1022 3451 solum,
1057 3402 1059 3406 ⁴

60 3457 232 3531 sedetiam
247 3461 456 3560 sanguinem!
483 3484 613 3563 gratum
635 3467 831 3555 esttamen,
858 3472 950 3568 quod
962 3495 1024 3545 vo·
1107 3532 1109 3536 ,

60 3566 145 3637 lunt.
183 3570 254 3641 Cur
275 3573 376 3670 igitur
391 3575 502 3673 Lysias
525 3594 558 3646 et
573 3579 759 3675 Hyperides
777 3601 924 3669 amatur,
949 3607 1024 3653 cum

60 3678 194 3775 penitus
211 3681 384 3777 ignoretur
401 3684 508 3756 Cato?
542 3686 722 3782 Antiquior
734 3686 780 3757 est
792 3686 886 3758 huius
904 3685 1025 3776 sermo,

57 3807 97 3861 'et
119 3791 282 3886 quaedam
299 3792 487 3868 horridiora
507 3793 632 3878 uerba:
657 3795 702 3868 it'a
715 3797 804 3869 enim
823 3813 894 3868 tum
906 3799 1021 3902 loque-

757 3897 837 3989 Ἠ.
1065 3956 1086 3991 a
