2302 4304
150 276 218 373 ,u
474 274 785 377 uuurun

147 433 326 524 voluisset,
372 450 409 507 ut
442 455 621 533 coeperat,
657 435 826 528 honores,
866 461 969 536 quam
1008 450 1097 536 opu,

147 550 310 648 consequi
343 548 514 621 maluisset.
562 549 730 642 Quidnam
756 549 824 641 esl,
847 550 978 651 inquit,
1002 551 1095 626 istudl

146 680 182 735 et
198 660 479 759 quemadmodum
501 657 692 757 distinguis?
718 660 795 735 Hoc
809 662 939 749 modo,
961 689 1093 761 mquam.

81 786 127 839 28¹
150 780 238 851 Cum
259 777 370 848 honos
391 772 430 843 srt
451 772 633 867 praemium
660 772 809 862 virtutis,
833 774 962 847 iudicio
986 775 1094 848 studio

147 910 215 982 que
238 884 362 957 civitun
386 882 530 954 delatum
552 882 595 953 ad
613 880 782 978 aliquem,¹
799 880 859 978 qui
878 907 957 954 eurn
979 881 1094 955 senten·

147 999 216 1088 tiis,
240 997 300 1095 qui
319 992 475 1091 suffragiis
494 992 629 1089 adeptus
649 990 712 1083 est,
736 991 764 1064 is
783 992 866 1063 mihi
894 993 1095 1068 ethonesbn

148 1128 184 1183 et
215 1109 400 1180 honoratus
434 1102 576 1176 viderur.
624 1101 683 1199 qui
713 1119 822 1173 autem
850 1102 1026 1177 occasione
1049 1104 1095 1177 ali·

149 1244 236 1316 qiu,
260 1217 362 1290 etiam
388 1212 504 1286 invitis
525 1212 588 1286 suis
611 1211 757 1300 civibus,
795 1212 911 1285 nauus
932 1212 980 1286 est
1002 1213 1095 1312 impe·

148 1332 257 1418 rium,
280 1347 319 1399 ut
338 1325 392 1397 ille
415 1323 593 1418 cupiebat3
611 1323 700 1394 hunc
720 1345 844 1393 nomen
856 1321 1021 1411 honoris,
1037 1347 1096 1394 nor

149 1436 341 1524 honorem,
377 1436 533 1531 adeptum
575 1451 667 1530 puto
725 1433 873 1528 Quaefi
912 1434 970 1508 ille.
999 1434 1095 1508 audire

147 1546 325 1637 voluisset,
362 1545 505 1618 maxima
529 1570 603 1617 cum
639 1546 741 1643 gratia
766 1563 798 1618 et
824 1545 935 1644 gloria
960 1547 1004 1619 ad
1022 1546 1095 1620 sum·

148 1680 240 1728 mam
275 1655 524 1752 amplitudinem
556 1653 776 1750 pervenisset,
814 1651 1016 1729 adscendens
1036 1680 1095 1753 gra·

149 1767 247 1842 dibus
272 1765 540 1865 magistratuum,
565 1781 602 1836 ut
622 1781 713 1861 pater
738 1765 806 1837 eius
824 1763 973 1857 fecerat,
996 1792 1032 1842 ut
1047 1793 1092 1842 re·

149 1876 233 1973 liqui
256 1876 410 1948 clariores
434 1874 511 1948 viri.
558 1875 654 1966 Quae
681 1874 816 1974 quidem
842 1878 945 1951 etiam
971 1904 1044 1953 curn
1062 1882 1093 1951 P.

148 1984 286 2075 Crasso,
311 1988 360 2057 M.
378 1982 471 2073 filio,
506 2007 583 2056 curn
607 1983 703 2057 initio
725 1987 837 2061 aetatis
862 1988 905 2060 ad
926 1989 1092 2062 amicitiam

121 2094 183 2171 .se
215 2119 324 2168 meam
359 2093 566 2181 conmitter,
607 2094 698 2190 saepe
729 2094 826 2193 egisse
852 2122 908 2170 me
935 2101 1094 2186 arbitror,

149 2214 228 2282 tum
261 2232 337 2281 eum
377 2207 592 2281 vehementer
627 2205 796 2297 hortarer,
836 2230 874 2282 ut
899 2235 974 2284 eam
1005 2211 1094 2284 laudis

149 2319 241 2390 viam
258 2315 467 2391 rediiffimam
488 2313 553 2386 esse
576 2314 730 2404 duceret,
755 2339 855 2411 quam
877 2304 1094 2427 maioregeius

82 2447 134 2498 282
150 2430 182 2502 ei
207 2431 319 2502 tritam
347 2425 555 2526 reliquissent.
616 2428 693 2499 Erat
726 2425 814 2498 enim
838 2453 913 2501 cum
943 2429 1092 2502 institutus

66 3958 89 4019 k

149 2539 302 2633 optime,
338 2556 409 2610 turn
440 2536 538 2606 etiam
563 2531 705 2629 perfede
742 2532 902 2632 planeque
936 2537 1092 2610 erudiuu:

143 2648 321 2745 ineratque
338 2666 372 2720 et
390 2648 561 2745 ingenium
588 2646 662 2718 satis
684 2671 778 2735 acre,
803 2663 836 2718 et
853 2648 1014 2722 orationis
1033 2669 1090 2719 non

147 2756 312 2855 inelegans
343 2759 459 2853 copia:
486 2776 718 2856 praetereaque
742 2757 809 2829 sine
825 2762 1013 2856 arrogantia
1029 2782 1088 2856 gra·

148 2865 201 2938 vis
235 2864 299 2937 esse
325 2865 522 2955 videbatur,
560 2876 595 2936 'et
626 2865 693 2938 stne
725 2864 858 2962 segnitia
889 2869 1088 2942 verecundun

149 2975 213 3049 sed
234 2976 475 3073 huncquoque
498 2974 665 3048 absorbuit
686 2973 788 3048 aestus
805 2975 943 3073 quidam
966 3001 1031 3049 non
1048 2975 1086 3047 in-

124 3140 126 3145 .
148 3085 261 3161 solitae
278 3082 535 3159 adolescentibus
552 3081 684 3183 gloriae.
711 3083 769 3181 qui
784 3083 862 3180 quia
879 3103 1015 3158 navarat
1034 3079 1083 3153 rni-

47 3239 56 3249 .
148 3197 197 3269 lec¹
208 3202 356 3299 ,operam
375 3193 581 3294 imperatori,
606 3194 841 3292 imperatorem
859 3193 892 3266 se
914 3194 1020 3268 slatim
1034 3190 1085 3265 esse

137 3305 325 3399 cupiebat:
355 3307 409 3379 cui
429 3303 558 3378 muneri
583 3329 657 3377 mos
672 3303 846 3377 'maiorum
866 3322 1006 3379 aetatem
1027 3326 1085 3376 cet·
1124 3326 1126 3333 ⁴

139 3433 231 3501 tam,
257 3411 378 3484 sortem
396 3415 557 3489 incertam
576 3413 717 3512 reliquit·
767 3417 816 3486 lta
836 3415 1029 3512 gravissimo
1039 3413 1087 3487 suo
1133 3408 1134 3474 Ϊ

146 3522 241 3610 casu,
266 3525 348 3596 dum
368 3525 453 3624 Cyri
478 3545 512 3600 et
542 3523 721 3604 Alexandri
748 3522 860 3597 fimilis
881 3525 948 3599 esse
972 3525 1087 3612 voluit,

143 3633 203 3728 qui
222 3631 314 3733 suum
334 3635 467 3707 cursum
488 3635 744 3715 transcurrerant
762 3687 774 3724 ,
795 3627 834 3706 'et
856 3636 896 3707 t„
912 3634 1088 3724 'Crassum

134 3742 326 3822 multorun
363 3744 558 3827 Crassorum
593 3747 746 3825 inventus
783 3743 830 3829 est
860 3744 1090 3837 dissimillimus.
