2302 4304
1087 112 1145 317 l

973 320 1145 409 ·l

17 460 21 469 ι
152 350 228 452 ym
460 300 850 424 liRUTUS.¹

149 537 246 602 tem,
266 512 357 587 cuius
379 511 514 610 quidem
536 512 654 608 scripta
670 510 869 608 proferenda
877 525 1028 613 putem,
1048 503 1105 577 nisr

149 649 248 720 quem
270 625 367 722 Appii
386 627 487 701 Caeci
511 625 620 698 oratio
633 626 714 703 haec
736 624 803 721 ipsa
821 626 862 711 de
884 624 1046 737 Pyrrho,
1072 637 1104 690 et

96 759 128 808 62
148 736 326 811 nonnullae
346 755 557 814 mortuorum
571 731 773 817 laudationes
783 733 870 808 forre
883 702 1056 807 deleclanr.
1064 735 1104 802 Et

70 931 76 946 .
148 846 295 927 herctdes
312 848 373 925 hae
395 847 530 949 quidem
556 846 704 922 exstant.
729 845 816 942 ipsae
843 847 934 934 enim
960 846 1101 919 familiae

147 958 202 1033 sua
226 960 315 1058 quali
333 979 526 1035 ornamenta
542 984 580 1032 ac
605 976 819 1030 monumenta
842 955 1046 1053 servabant,
1071 971 1103 1028 et

17 1162 20 1167 ι
94 1169 110 1175 ..
132 1074 189 1157 ¹ad
209 1077 322 1163 usum,
344 1074 368 1146 sr
392 1100 466 1173 quis
477 1075 621 1147 eiusdem
647 1096 771 1170 generis
785 1069 983 1155 occrdrffet
1017 1068 1100 1140 etad

39 1267 62 1283 ,1
146 1186 343 1259 memoriam
365 1186 497 1261 laudum
516 1183 797 1269 domesticarum,
820 1181 916 1253 etad
941 1180 1100 1252 illustran-

147 1292 224 1363 dam
245 1288 454 1367 nobilitatem¹
475 1295 573 1367 stram.
600 1292 811 1390 Quamquani
833 1291 882 1364 llis
904 1291 1098 1364 laudationi·

131 1396 206 1476 bus
238 1398 371 1473 historia
394 1426 506 1473 rerum
537 1401 724 1489 nostrarum
744 1401 789 1474 est
806 1399 1100 1473 fatia'mendofior.

148 1507 252 1580 Multa
269 1511 357 1580 enim
371 1509 489 1607 scripta
502 1511 574 1582 sunt
597 1511 714 1601 ineis,
737 1535 819 1609 quae
834 1509 918 1581 salla
936 1534 1008 1607 ιιοιι
1021 1510 1100 1595 suna

147 1615 214 1691 falsi
236 1620 407 1717 triumphi,
420 1621 525 1718 plures
545 1621 748 1721 consulatus,
769 1644 895 1722 genera
917 1619 1019 1690 etiam
1042 1618 1100 1689 fal·

147 1727 201 1818 sa,
224 1747 257 1802 et
273 1730 394 1828 aplebe
412 1731 643 1821 transitiones,
667 1757 744 1803 cum
774 1729 927 1802 homines
948 1728 1100 1801 humilio-

30 1936 38 1953 Α
147 1866 199 1916 res
215 1842 250 1919 in
272 1844 412 1916 alienum
437 1843 578 1923 eiusdem
607 1841 1034 1945 yominiseinfunderentur
1046 1867 1100 1940 ge-

111 2006 115 2012 .
148 1975 230 2022 nus:
253 1951 457 2049 ut‚s1ego
474 1976 527 2023 me
546 1976 565 2023 a
584 1936 641 2024 M'.
653 1951 765 2023 Tullio
786 1947 850 2020 esse
864 1947 1102 2044 dicerem‚qui

89 2062 304 2168 patricius
318 2089 393 2137 cum
410 2064 527 2138 Servio
541 2063 687 2173 Sulpicio
706 2061 858 2151 consule,
872 2084 961 2130 anno
980 2059 1018 2130 X
1031 2057 1102 2154 post

26 2192 29 2201 '
96 2206 127 2271 63
148 2181 281 2255 exactos
294 2206 384 2281 reges
399 2181 470 2270 fuit.
494 2180 631 2255 Catonis
645 2201 753 2252 autem
767 2174 933 2247 orationes
947 2195 1019 2240 non
1042 2168 1100 2240 mi

107 2319 210 2368 .nus
224 2293 343 2368 multae
359 2319 458 2367 verae
476 2291 574 2382 sunt,
602 2316 700 2389 quam
728 2285 827 2360 Attici
837 2280 989 2379 lyfiae3
1014 2278 1103 2348 cuius

20 2483 25 2495 ,
98 2417 115 2427 ”
150 2405 293 2476 arbitror
306 2406 460 2501 plurimas
474 2404 548 2480 effe.
587 2400 649 2475 Est
664 2401 752 2477 enim
773 2399 919 2484 Atticus,
941 2394 1102 2494 quoniam

39 2602 42 2607 Α
150 2527 240 2580 certe
261 2510 399 2586 Athenis
412 2509 457 2581 est
471 2527 505 2581 et
526 2518 643 2601 naths‚'
666 2533 708 2601 er,
724 2525 903 2592 mortuus,
923 2521 956 2574 et
976 2501 1102 2575 sunclus

64 2716 67 2721 .
100 2671 103 2679 .
148 2620 243 2708 omni
259 2620 392 2712 ‚civium
416 2647 577 2698 munere:
602 2643 803 2719 quamquam
824 2616 980 2687 Timaeus
1002 2638 1100 2699 eum,

147 2723 235 2820 quasl
256 2725 381 2825 Licinia
407 2751 439 2807 et
456 2729 569 2800 Mucia
582 2730 681 2826 lege,
704 2727 824 2823 repetit
838 2722 1028 2822 Syracusas.
1061 2725 1099 2793 Et

146 2834 292 2930 quodam
313 2836 419 2909 modo
438 2837 486 2909 est
506 2840 669 2921 nonnulla,
681 2839 715 2910 in
735 2825 896 2909 iis'etiam
911 2835 1000 2905 inter
1016 2831 1099 2928 ipsos

146 2940 333 3033 similitudo.
369 2943 582 3034 acuti··-sunt,
607 2944 790 3044 elegantes,
809 2940 933 3029 laceri,
962 2943 1098 3014 breves:

20 3054 23 3058 ‘
94 3060 126 3121 ⁶4
146 3053 200 3128 sed
213 3051 424 3130 ille'Giaeeus
439 3056 479 3145 ab
498 3044 592 3127 omiti
603 3057 697 3128 laude
711 3057 851 3128 felicior.
890 3053 1002 3131 Habet
1015 3049 1100 3122 enim

19 3160 21 3164 ’
143 3166 254 3237 'certos
260 3162 317 3273 sui
341 3162 502 3238 studiosos
517 3219 530 3252 ,
556 3165 613 3262 qui
630 3190 703 3261 nort
722 3187 789 3235 tam
800 3162 937 3233 'habitus
951 3156 1101 3253 corporis

38 3344 40 3350 .
143 3272 301 3367 opimos,
325 3297 435 3371 quam
467 3272 662 3371 gracilitates
697 3272 971 3369 conse&entttr;
996 3289 1100 3364 quos,

142 3383 299 3458 valetudo
308 3388 412 3459 modo
427 3386 524 3457 bona
528 3386 587 3473 fit,
601 3385 741 3460 tenuitas
754 3385 822 3482 ipsa
833 3384 934 3455 deleti
936 3399 978 3453 et
990 3406 1101 3479 quam·

142 3492 293 3588 quantia
320 3494 416 3591 Lysia
437 3494 510 3566 sunt
529 3493 634 3591 saepe
648 3494 747 3569 etiam
760 3493 892 3580 lacerti,
916 3487 962 3563 lic
975 3507 1014 3561 ut
1034 3480 1101 3560 fieri

21 3645 28 3661 =
140 3600 222 3675 nihil
248 3600 344 3701 poffit
357 3599 533 3677 valentius:
558 3627 679 3676 verum
705 3599 751 3679 est
771 3623 858 3674 certe
882 3622 1005 3695 genere
1027 3615 1100 3670 toto

140 3707 331 3806 strigofior,
369 3709 424 3784 sed
448 3711 546 3801 habet
575 3731 685 3789 tamen
712 3714 787 3799 suos
805 3709 1020 3800 laudatores„
1048 3707 1101 3807 qui

76 3843 120 3914 ,¹7
137 3819 201 3892 hac
226 3813 296 3921 ipsa
309 3822 389 3896 ¹eius
397 3821 571 3895 subtilitate
592 3823 771 3913 admeidum
795 3819 975 3920 gaudeam.-
995 3820 1100 3893 Cato·
1136 3855 1140 3863 ·

65 3980 80 4031 'k
137 3996 147 4008 ι
