2302 4304
101 317 169 383 204
329 291 419 363 DE
467 251 837 368 oR'ATORE

98 452 187 524 enim
211 441 431 552 recognitum
452 455 521 528 iam
538 453 720 546 artificem,
746 456 994 556 aliquandoque
1020 482 1058 530 e·

98 562 252 636 volutum
274 562 335 634 illis
347 562 578 661 integumentis
597 564 859 639 dissimulationis
872 586 973 657 tuae,
998 593 1061 639 nu-

98 670 278 770 datumque
292 673 474 775 perspicio:
500 694 534 750 et
557 678 651 775 quod
663 679 745 750 mihi
761 680 862 770 nihil,
887 699 944 754 aut
966 684 1061 779 quod

98 803 169 851 non
190 779 328 853 mtdtum
348 781 531 881 relinquis,
553 787 803 882 percommode
818 786 921 878 faciS,
948 788 1061 887 estque

32 909 77 966 35¹
98 891 180 963 mihi
202 913 343 990 gratum.
392 895 461 967 lam
486 894 575 968 istuc
596 915 755 994 quantum
783 896 844 970 tibi
874 923 941 996 ego
982 900 1059 972 reli-

97 1001 248 1099 querim,
270 1001 377 1098 inquit
398 1005 588 1094 Antonius,
615 1004 677 1076 erit
691 1031 737 1125 pr
759 1023 815 1078 tua
834 1003 1000 1100 potestate.
1026 1004 1060 1076 Si

84 1111 187 1184 -enim
211 1135 290 1184 vere
304 1134 400 1208 agere
413 1111 578 1200 volueris,
608 1135 721 1183 omma
739 1113 801 1184 tibi
823 1111 989 1207 relinquo.
1013 1111 1061 1183 lin

97 1220 316 1309 dissimulare,
345 1241 384 1294 tu
411 1222 692 1320 quemadmodum
712 1221 762 1293 his
775 1219 977 1311 satisfacias,
1006 1220 1062 1294 vi·

97 1334 193 1406 deris.
240 1334 330 1422 Sed,
356 1354 393 1406 ut
419 1333 461 1404 ad
474 1357 545 1405 rem
559 1335 715 1421 redeam,
738 1357 808 1405 non
827 1332 896 1403 sum
910 1348 1005 1404 tanto
1020 1352 1067 1402 e··

98 1470 170 1542 go,
195 1443 329 1542 inquit,
371 1448 529 1547 ingenio,
555 1439 683 1545 quanto
707 1442 947 1519 Themistocles
975 1443 1062 1526 suit,

65 1608 68 1615 .
97 1567 135 1623 ut
156 1551 340 1632 oblivionis
357 1571 481 1643 artem,
508 1579 607 1651 quam
622 1551 820 1640 memoriae,
845 1549 974 1621 malim:
989 1575 1062 1648 gra-

32 1801 80 1854 35²
97 1765 334 1848 fertmt'arrem
359 1777 540 1849 memoriae
567 1772 746 1872 pronlffe.
794 1771 1063 1852 Dicunt-enim,

98 1902 174 1956 cum
188 1906 344 1956 coenaret
356 1885 537 1957 Crannone
545 1876 585 1955 in
597 1881 761 1955 Thessalia
774 1879 962 1953 Simonides
973 1881 1060 1978 apud

97 1992 257 2087 Scopam,
281 1991 487 2065 fortimatum
501 1993 695 2081 hominem,
719 2008 753 2064 et
775 1991 946 2076 nobilem,
971 1991 1061 2064 ceci·

98 2100 259 2203 nisietque
281 2105 491 2194 idearmen,
523 2104 617 2203 quod
643 2105 678 2177 in
703 2127 781 2176 eum
807 2100 1003 2197 scripsisset,
1027 2103 1062 2174 in

98 2240 169 2312 quo
186 2215 288 2288 multa
302 2216 444 2304 ornandi
466 2215 584 2305 causa,
605 2232 780 2312 poetarum
800 2237 912 2298 more,
942 2211 979 2283 in
995 2212 1061 2284 Ca·

98 2324 221 2398 storem
239 2325 402 2423 scriptaet
415 2326 584 2398 Pollucem
602 2323 751 2413 fuissent,
774 2322 871 2394 nimis
884 2319 975 2392 illum
991 2321 1062 2395 sor·

98 2435 175 2508 dide
193 2435 358 2525 Simonidi
397 2434 540 2524 dixisse,
577 2436 609 2508 se
630 2432 806 2506 dimidium
819 2432 887 2504 eiu's
900 2430 953 2519 ei,
971 2431 1062 2528 quod

98 2550 208 2645 pallus
216 2547 317 2637 effer,
340 2574 404 2644 pro
425 2549 483 2623 illo
498 2549 668 2637 carmine,
693 2547 871 2630 daturum3
897 2544 1062 2643 reliquum

99 2656 192 2728 asuis
217 2655 441 2754 Tyndaride,
474 2683 560 2754 quos
582 2680 685 2755 aeque
704 2653 884 2742 laudasset,
913 2671 1062 2748 peteret,

31 2789 80 2843 353
99 2764 123 2835 sr
141 2764 172 2836 ei
183 2762 362 2836 videretur.
410 2765 512 2838 Paulo
521 2764 596 2860 poll
608 2764 673 2837 esse
686 2765 796 2836 ferunt
808 2763 999 2835 nuntiatum
1010 2765 1061 2836 Si·

99 2868 248 2958 monidi,
270 2890 308 2943 ut
320 2871 487 2967 prodiret:
508 2873 643 2944 iuvenes
670 2869 752 2942 stare
766 2873 808 2942 ad
827 2870 960 2942 ianuam
975 2872 1061 2943 duos

98 2985 281 3081 quosdam,
296 2984 354 3082 qui
367 3010 444 3058 eum
461 3010 663 3084 magnopere
678 3006 879 3097 evocarenp:
907 2984 1064 3059 surrexis-

98 3096 131 3170 se
152 3094 265 3184 illum,
287 3096 459 3193 prodisse,
485 3095 605 3173 vidisse
629 3097 806 3170 neminem.
836 3096 904 3168 hoc
929 3097 1063 3170 interim

99 3207 205 3305 spatio
219 3209 378 3284 conclave
392 3210 495 3297 illud,
520 3208 578 3283 ubi
599 3209 786 3307 epidaretuu
801 3210 951 3305 Scopas,
980 3234 1065 3281 con·

1 3316 19 3397 i
100 3317 229 3392 cidisse:
253 3344 292 3391 ea
301 3319 396 3392 ruina
407 3319 514 3416 ipsum
527 3320 719 3417 oppressum
733 3319 884 3393 cuiusuis
898 3319 1067 3392 interiisse.

100 3453 187 3528 quos
202 3454 279 3501 cum
296 3429 433 3503 humare
447 3431 569 3506 vellent
603 3430 675 3517 sui,
718 3453 826 3526 neque
848 3428 981 3526 pollent
1002 3430 1069 3502 oh-

58 3543 59 3546 ’
100 3535 197 3609 tritos
209 3535 430 3611 internoscere
452 3537 521 3609 ullo
542 3537 668 3609 modo:
688 3535 1012 3629 ·Simonidesdicimr
1024 3559 1069 3608 ex

101 3671 170 3736 eo,
194 3647 287 3744 quod
300 3645 517 3734 meminisset,
542 3671 610 3743 quo
627 3670 747 3718 eorum
763 3646 844 3717 loco
863 3645 1003 3742 quisque
1014 3670 1071 3718 cu·

91 3759 220 3841 ¹buillet
228 3815 243 3856 ,
251 3759 757 3866 demonstrator-uniuscuiusque
771 3758 947 3857 sepeliendi
959 3759 1071 3844 sciisse.
