2302 4304
125 260 128 267 ¹
244 266 716 417 ''traaarr
958 302 1040 412 (σι’

61 470 213 544 medicus
231 472 272 545 de
290 472 443 562 morbis,
468 491 524 549 aut
549 477 774 576 depingendo
795 480 1027 607 pidoraliquis

63 581 179 654 diserte
191 583 326 672 dixerit,
352 600 407 654 aut
426 526 603 707 scripserit,
627 587 757 659 idcirco
774 589 858 663 illius
879 592 956 667 artis
970 618 1049 690 pu·

61 692 160 762 tanda
178 692 217 763 ιιι
231 692 470 815 eloquentia
476 693 511 764 ιιι
530 719 596 792 qua
614 696 692 816 quia
707 696 760 769 vis
783 723 899 796 magna
927 698 998 770 esl
989 725 1026 773 ιιι

64 798 267 870 hominum
258 799 419 896 ingeniis,
443 823 485 870 eo
500 800 595 872 multi
617 803 716 873 etiam
737 802 805 874 sme
825 804 972 876 doslnna
988 829 1028 877 a

63 906 166 1005 liquid
177 908 328 980 omnium
342 912 498 1005 genenun
512 886 610 1007 atque
626 910 748 982 artium
773 902 1030 1007 consequuntur:

64 1017 116 1088 sed
129 1018 250 1116 ,quid
265 1017 421 1119 cuiusque
435 1019 474 1091 ιιι
490 1021 688 1119 ιιιοιιιιιιιιι,
714 1020 771 1092 etsr
783 1046 824 1093 ex
839 1045 882 1092 eo
897 1006 1048 1094 iudica·
1075 1070 1080 1085 ι

66 1154 93 1200 n
83 1126 233 1226 potest
256 1155 335 1202 cum
355 1131 501 1221 videris,
522 1131 604 1229 quid
622 1156 771 1229 quaeque
782 1131 949 1219 doceant,
976 1147 1033 1210 ta

67 1267 141 1313 men
163 1241 231 1315 hoc
244 1241 364 1315 certius
377 1241 459 1312 nihil
478 1241 542 1313 effe
560 1239 691 1338 potest,
716 1266 815 1339 quam
836 1241 930 1338 quod
948 1253 1027 1312 om-

67 1375 120 1422 nes
134 1368 220 1424 artes
242 1350 321 1423 aliae
344 1340 411 1423 fine
422 1352 610 1450 eloquentia
621 1351 713 1424 suurn
727 1378 845 1424 munus
846 1350 1027 1453 praestare

67 1459 217 1555 potsunt,
240 1477 355 1563 orator
374 1461 440 1535 stne
466 1487 504 1535 ea
521 1486 646 1535 nomen
667 1462 761 1535 suunt
786 1447 935 1536 obtinere
954 1483 1056 1537 ιιοιι

68 1569 190 1664 potest.
215 1586 253 1642 ut
274 1571 399 1660 ceteri,
419 1571 569 1644 srdiserti
583 1572 663 1661 srnt,
686 1570 811 1669 aliquid
830 1547 955 1644 abhoc
973 1573 1028 1646 ha·

23 1739 25 1744 .
67 1679 179 1753 beant.
197 1681 253 1753 hic
264 1681 324 1752 nisr
339 1624 525 1756 doinesticis
538 1683 569 1755 se
580 1681 768 1756 inllmxenit
786 1683 914 1780 copiis,
926 1683 1028 1756 aliun·

67 1785 103 1856 de
111 1786 243 1860 drcendr
261 1787 393 1884 copiam
405 1804 517 1883 petere
531 1810 601 1856 non
626 1786 733 1884 pollit.

108 1899 198 1971 Ttun
215 1898 368 1988 Catulus,
402 1897 491 1987 Etsr,
510 1895 632 1994 inquit,
650 1897 794 1987 Antoni,
817 1895 954 1968 minime
968 1896 1026 1973 im·
1046 1923 1090 1977 to
1126 1935 1128 1941 ·

66 2010 243 2107 pediendus
255 2007 301 2080 est
309 2009 567 2106 interpellatione
579 2006 637 2080 iste
647 2007 757 2083 cursus
769 2007 929 2080 orationis
938 2026 1025 2098 tuae,
1040 2035 1074 2088 39

66 2120 186 2216 patiere
199 2136 321 2209 tamen,
336 2118 481 2218 mihique
499 2118 663 2217 ignosces.
707 2124 784 2192 Non
804 2118 1028 2218 enimpoffum,
1107 2125 1111 2134 '

65 2236 136 2323 quin
154 2235 351 2319 exclamem,
383 2249 420 2302 ut
439 2231 484 2302 ait
503 2231 557 2302 ille
575 2232 611 2303 in
632 2231 859 2302 Trinummo:
883 2230 928 2302 ita
945 2230 1029 2304 mihi

63 2342 288 2431 uim-oratoris
307 2361 378 2414 tum
393 2344 577 2440 exprimere
596 2343 754 2414 subtiliter
778 2341 866 2415 visus
878 2365 931 2430 es,
955 2348 1045 2413 tum'

23 2480 25 2487 >
65 2452 191 2526 laudare
214 2451 449 2550 copiosrslrme:
475 2452 569 2548 quod
584 2451 719 2548 quidem
743 2450 956 2546 eloquentem
973 2451 1032 2525 vel¹

65 2564 188 2659 optime
200 2561 309 2634 sacere
323 2579 479 2658 oportet,
499 2555 542 2633 ¹ut
553 2560 774 2658 eloquentiam
791 2560 911 2633 laudet.
931 2560 1028 2634 debet

64 2673 148 2743 enirn
180 2671 223 2743 ad
245 2695 317 2743 eam
339 2668 560 2758 laudandam,
593 2668 697 2765 ipsam
728 2669 816 2742 illam
848 2669 1028 2760 adhibere,
1061 2706 1081 2754 ·.

65 2809 158 2883 quam
171 2783 291 2856 laudat.
317 2783 381 2855 Sed
403 2806 505 2879 perge
524 2804 658 2877 porro:
684 2780 744 2852 tibi
758 2781 848 2853 enim
861 2782 1027 2870 assentior,
1075 2815 1081 2822 ·

63 2894 207 2966 vestrum
229 2893 294 2966 elle
319 2893 385 2965 hoc
409 2893 547 2982 totum,
580 2891 698 2963 disene
720 2891 854 2980 dicere,
883 2890 1028 2988 idquesr
1086 2927 1088 2931 ⁷

62 3005 132 3102 quis
148 3006 186 3076 in
202 2998 267 3076 alia'
277 3020 346 3075 arte
363 3003 481 3110 saciat,
507 3027 584 3074 eum
602 3001 742 3074 allumto
756 3001 885 3073 aliunde
903 2999 1027 3071 utibo-

62 3137 119 3202 no,
157 3137 228 3183 ιιοιι
246 3111 407 3209 proprio,
432 3136 495 3184 nec
510 3111 580 3184 suo.
629 3113 672 3183 Et
695 3111 850 3199 Crassus,
872 3113 952 3181 Nox
968 3129 1002 3182 te
1015 3141 1104 3205 ,ιω

37 3212 187 3320 inquit,
206 3222 488 3313 nobis,'Antoni,
506 3221 689 3319 expolivit,
703 3220 937 3318 hominemque
949 3221 1027 3293 red·

65 3330 158 3402 didit.
181 3356 257 3403 narn
270 3329 422 3402 hesterno
436 3329 603 3450 sermone,
620 3328 715 3401 unius
729 3329 896 3402 cuiusdam
906 3328 1030 3427 operis,
1101 3382 1129 3421 ,ι

65 3455 99 3513 ιιι
117 3441 163 3517 ait
191 3438 378 3531 Caecilius,
409 3437 567 3534 remigem
591 3435 752 3562 aliquem,
777 3457 833 3510 aut
858 3437 1040 3530 baiulum,
1077 3513 1080 3517 ,

66 3550 160 3622 nobis
180 3575 350 3624 oratorem
376 3548 639 3646 descripseras,
631 3573 767 3647 rnopem
782 3538 945 3650 quendam
963 3549 1036 3618 hu-

67 3663 229 3735 manitatis
255 3681 352 3790 atque
368 3664 574 3745 inurbanum.
621 3665 711 3751 Turn
730 3663 914 3748 Antonius,
947 3658 1029 3729 Heri

69 3774 154 3847 enirn
168 3776 338 3876 ,inquit,
352 3775 511 3852 hocmihi
533 3775 870 3999 proposueramd,
813 3788 870 3862 ut,
886 3769 1033 3843 fiter'e

814 3893 833 3971 ι
