2302 4304
152 318 199 393 w
382 290 896 389 DEORATORE

148 455 252 556 ipsam
267 456 397 533 dicendi
410 457 574 529 rationem
587 435 730 529 ac'viam
743 456 845 549 nosse.
894 457 1005 552 Caput
1018 450 1111 528 enim

148 571 214 644 esse
228 569 445 644 arbitrabatur
459 573 620 660 oratoris,
632 591 669 644 ut
678 593 711 642 et
724 569 814 666 ipsu,
828 572 915 666 apud
927 597 1013 668 quos
1030 599 1112 672 age-

147 704 223 766 ret,
240 673 343 771 talis,
358 680 488 778 qualem
516 679 547 753 se
574 680 641 776 ipse
664 700 820 773 optaret,
845 678 1040 750 uideretur:
1074 678 1111 747 id

35 831 38 838 ·
139 786 219 859 'sieri
242 789 331 862 uitae
344 788 527 885 dignitate,
556 788 596 858 dc
610 811 674 882 qua
689 785 768 856 nihil
787 783 946 855 rhetorici
960 782 1010 854 isli
1022 784 1110 857 doc·

145 918 236 972 tores
264 902 298 973 in
320 901 505 997 praeceptis
519 894 824 996 suisreliquissenti
858 917 891 989 et
912 897 960 969 uti
975 922 1110 988 eorum,

138 1011 203 1108 -qui
217 1012 384 1096 audirent,
407 1009 451 1081 s1c
465 1010 672 1082 afficerentur
686 1011 848 1110 irmanhilt
862 999 921 1081 eos
934 1008 1019 1080 affici
1034 1012 1108 1091 vel-

143 1119 191 1196 let·
202 1144 336 1192 orator:
365 1122 457 1217 quod
470 1123 550 1193 item
574 1120 645 1193 lieri
673 1121 763 1192 nullo
782 1121 888 1207 modo
905 1120 1020 1215 posse,
1045 1122 1109 1192 nist

143 1227 360 1323 cognosceret
377 1229 420 1318 ir,
450 1230 508 1325 qui
521 1230 664 1314 diceret,
693 1249 776 1324 quot
799 1229 907 1299 modis
929 1223 1106 1301 hominum

35 1340 38 1345 ’
136 1334 363 1423 ,mentes,'et.
377 1338 494 1434 quibus
511 1339 630 1424 rebus,
658 1356 691 1410 et
709 1364 777 1435 quo
801 1353 920 1437 genere
943 1339 1107 1412 orationis

56 1486 59 1492 ·
143 1442 179 1514 in
196 1470 362 1542 quamque
376 1467 502 1544 partem
535 1472 771 1526 moverentur:
799 1450 881 1521 hae'c
907 1467 1015 1519 autem
1038 1450 1105 1522 esse

142 1548 273 1648 penitus
299 1556 335 1626 in
354 1558 462 1629 media
483 1555 694 1654 philosophia
712 1556 836 1629 retrusa
850 1577 948 1652 atque
974 1556 1104 1650 abdita,

141 1686 242 1759 quam
256 1662 307 1734 isli
324 1664 474 1738 rhetores
494 1690 535 1736 ne
550 1663 751 1762 primoribus
765 1663 900 1759 quidem
912 1660 1008 1743 labris
1022 1661 1104 1733 atti·
1119 1747 1122 1751 ‚

63 1871 66 1879 ἱ
93 1793 126 1845 ta
143 1774 269 1870 gissent.
317 1780 364 1848 Ea
377 1779 593 1850 Menedemus
607 1776 766 1872 exemphs
780 1767 908 1871 magis,
934 1776 1034 1870 quam
1050 1801 1103 1848 ar·

142 1884 325 1978 gramenta,
338 1885 519 1958 conabatur
532 1884 691 1957 refellere.
709 1884 902 1955 memoriter
912 1881 1001 1952 enim
1015 1883 1103 1954 mul-

141 2011 174 2062 ta
188 1990 446 2073 exorationibus
457 1993 693 2066 Demosthenis
707 1993 871 2090 praeclare
884 1991 1004 2087 scripta
1016 2018 1102 2087 pro·

141 2090 319 2192 nuntians,
342 2103 483 2199 dicebar,
501 2105 641 2176 illumin
662 2100 784 2184 animis*
792 2103 848 2177 vel
861 2097 1031 2189 iudicum,
1045 2106 1101 2178 vel

93 2256 97 2263 ·
140 2201 279 2311 populi,
304 2216 339 2287 in
365 2240 501 2288 omnem
522 2236 650 2313 partem
677 2215 819 2288 dicendo
836 2217 1100 2311 permovendis,

60 2338 64 2345 ’
140 2350 209 2395 non
226 2324 319 2396 fuisse
334 2324 510 2423 ignarum,
534 2324 652 2422 quibus
664 2349 702 2393 ea
721 2322 817 2394 rebus
830 2321 1100 2420 consequeretur,

25 2428 26 2432 ¹
128 2446 224 2531 'quae
238 2455 376 2534 negaret
402 2435 455 2506 ille
482 2434 548 2506 stne
573 2432 783 2530 philosophia
801 2458 1001 2530 quemquam
1015 2433 1099 2508 scire

33 2601 36 2607 -
77 2573 122 2620 20
140 2549 243 2641 posse.
292 2548 379 2620 Huic
400 2548 451 2618 ille
465 2546 704 2642 respondebat,
728 2570 799 2615 non
812 2542 843 2613 se
856 2566 996 2639 negare,
1024 2540 1099 2618 Dess

89 2671 122 2736 a,
140 2654 346 2727 mosthenem
359 2653 518 2725 summam
536 2655 764 2749 prudentiam,
787 2653 1097 2751 summarnquevim

139 2764 285 2835 habuisse
299 2763 430 2834 dicendi
446 2789 454 2832 :
480 2760 535 2832 sed
547 2762 616 2833 five
630 2761 681 2831 ille
695 2761 761 2832 hoc
775 2762 910 2858 ingenio
924 2753 1096 2858 potuisset,

75 2912 77 2915 ·
137 2875 233 2966 five,
257 2877 296 2948 id
307 2875 400 2973 quod
414 2874 577 2947 conslaret
591 2928 602 2963 ,
634 2875 778 2947 Platonis
791 2873 950 2949 studiosus
963 2876 1096 2948 audien·

69 3015 97 3072 χ
137 2986 172 3056 di
187 2984 316 3072 suisset3
342 3008 431 3070 non,
455 2982 536 3079 quid
561 2981 614 3053 ille
635 2981 818 3078 potuisset,
859 2981 915 3053 sed
945 2981 1027 3078 quid
1043 2984 1096 3055 isti

87 3135 121 3184 ,φο
137 3099 319 3179 docerent,
343 3088 408 3163 esse
425 3093 680 3191 ‚quaerendum
712 3093 814 3187 Saepe
837 3092 936 3163 etiam
958 3092 994 3162 in
1019 3118 1095 3165 earn

135 3226 265 3302 partem
278 3202 444 3275 ferebatur
466 3201 635 3287 oratione,
661 3200 877 3287 utontnino,
903 3198 1095 3298 disputaret,
1133 3241 1136 3246 -

75 3358 77 3363 ·
130 3316 258 3403 nullam
271 3331 376 3384 artem
399 3309 463 3382 esse
485 3311 639 3383 dicendi:
672 3311 871 3406 'idquecum
894 3308 1095 3405 argumentis

98 3402 320 3508 ”docuerat
344 3422 437 3517 quoa
458 3421 579 3494 raanan
601 3421 764 3507 euentu,
788 3421 825 3490 aa
838 3416 1046 3501 erutarum,
1061 3439 1095 3489 et

137 3534 323 3631 suppliciter
331 3532 494 3604 insinuare
507 3533 566 3636 iis,
585 3529 735 3626 aquibus
749 3527 828 3598 esset
843 3525 1021 3623 petendum
1035 3544 1095 3611 ,et

138 3644 344 3739 adversarios
366 3643 538 3716 minaciter
552 3661 675 3712 terrere
693 3639 876 3735 possemus,
903 3657 1020 3708 errem
1034 3664 1093 3734 ge·

138 3759 217 3832 stam
231 3783 411 3856 exponere,
425 3775 461 3833 et
470 3757 516 3842 iu,
541 3757 632 3852 quod
646 3753 899 3841 intenleremus,
914 3749 1094 3824 confirma·
