2302 4304
127 306 210 407 3Q'
455 309 765 380 ussuto&

124 465 1074 566 mmaeummfflmnumm.ffl&dfi

125 607 248 677 quarn,
267 581 417 669 iudicas,
432 582 540 651 Brute.
589 582 721 652 Etenim
737 579 827 652 istius
849 604 955 678 genus
979 579 1073 653 estex
1119 650 1122 683 a

126 694 225 788 ipfius
242 693 414 789 sapiendae
432 691 531 788 stirpe
546 718 746 791 generamrn.
793 695 882 764 Nam
896 697 983 768 etde
993 695 1072 785 duo-

126 805 187 876 bu»
209 807 282 878 avis
297 808 362 878 iam
374 806 534 894 diximtts,
546 807 700 903 Scipione
711 829 746 879 et
756 805 898 892 Craff03
914 825 950 879 et
965 807 1007 878 (le
1019 804 1073 877 tri·

127 917 190 989 bru
212 919 371 1011 proavis,
396 922 442 1013 Q.
459 918 619 1009 Metello,
655 918 748 999 cuitu
762 936 909 1012 quatuor
933 916 1022 1004 fflii;·
1044 916 1074 987 P.

127 1026 305 1121 Scipione,
336 1027 392 1124 qui
410 1053 453 1099 ex
475 1028 647 1100 dominatu
659 1027 713 1098 Τι
733 1028 880 1099 Gracchi
892 1026 1077 1124 privatusin

127 1135 311 1209 libertatem
326 1126 561 1232 rempublicam
575 1137 777 1226 vindicavit,
797 1139 843 1228 Q.
859 1135 1022 1209 Scaevola
1033 1160 1078 1207 au·

128 1271 232 1343 gure,
258 1250 315 1346 qni
332 1249 540 1344 peritiffimus
556 1250 658 1338 iuris,
679 1249 834 1346 idemque
856 1245 1027 1343 percomis
1039 1243 1081 1318 est

65 1372 109 1440 {23
128 1358 268 1432 habitus.
324 1359 392 1425 lam
409 1355 553 1426 duorum
574 1359 760 1429 abavorum
780 1382 883 1454 quarn
904 1354 954 1426 est
969 1353 1081 1426 illullre

127 1487 276 1550 nomen,
303 1466 338 1537 P.
352 1463 532 1561 Scipionis,
557 1467 617 1561 qui
642 1468 693 1538 bis
721 1466 835 1543 consul
851 1465 937 1554 fuit,
962 1465 1023 1563 qui
1040 1461 1097 1539 est'

130 1574 291 1641 Corculum
313 1571 438 1655 dium
459 1570 593 1643 alterius
607 1575 760 1647 omnium
774 1574 1024 1670 sapientiffimi,
1044 1575 1099 1653 C(

128 1679 258 1750 laelii?
298 1682 335 1751 0
360 1679 574 1778 generosam,
608 1682 742 1781 inquit,
767 1682 930 1781 stirpem,
956 1701 992 1755 er
1011 1702 1081 1775 tau·

128 1817 227 1888 quam
249 1792 399 1867 intutam
418 1793 572 1867 arborem
589 1795 682 1890 plura
710 1821 855 1895 genera,
874 1795 923 1869 fic
944 1797 983 1868 in
994 1796 1081 1869 istam

128 1905 267 1977 domurn
282 1907 465 1979 multorum
478 1905 606 1978 inlitam
621 1927 717 2004 atque
730 1908 946 1982 illuminatam
960 1909 1081 2008 sapien

66 2044 111 2120 59
128 2014 226 2088 tiam!
239 2017 405 2088 ‘Similiter
425 2017 525 2115 igitur
537 2016 702 2114 suspicor,
725 2016 781 2114 (ut
792 2015 1082 2114 conferamuspar·

127 2145 171 2199 va
199 2122 381 2222 magnis,)
408 2124 587 2213 CurioniS,
616 2125 675 2196 etfi
695 2125 835 2223 pupillus
859 2124 990 2198 relillus
1016 2124 1081 2212 est,

126 2234 237 2329 patrio
261 2231 359 2311 liriffe
373 2233 520 2314 instituto
541 2261 626 2331 puro
641 2234 789 2307 sermone
805 2234 1012 2308 assuefactam
1023 2235 1081 2307 do-

127 2367 244 2414 mum:
270 2360 303 2413 et
329 2366 373 2414 eo
391 2343 494 2440 magis
507 2341 574 2413 hoc
594 2340 727 2432 iudico,
752 2343 846 2440 quod
862 2343 1029 2414 neminem
1042 2367 1082 2414 ex

126 2453 166 2526 iis
182 2455 342 2551 quidem,
363 2455 420 2559 qui
444 2454 556 2553 aliquo
579 2455 615 2524 in
633 2479 773 2526 numero
785 2452 939 2551 filertmt,
957 2479 1081 2552 cogno-

126 2569 163 2638 vi
184 2569 220 2638 iir
236 2571 330 2640 omni
354 2593 472 2665 genere
501 2566 712 2638 honestarum
737 2568 858 2638 artium
881 2587 951 2639 tarn
969 2566 1081 2637 indocw

61 2700 108 2746 214
125 2690 218 2760 turn,
244 2696 313 2743 ram
339 2674 466 2747 rudem.
515 2673 651 2745 Nullum
677 2673 729 2745 ille
748 2691 886 2770 poetam
913 2688 1081 2760 noverat,

125 2783 250 2853 nullum
271 2783 394 2878 legerat
419 2802 614 2873 oratorem,
642 2784 763 2855 nullam
781 2785 978 2856 memoriam
998 2783 1081 2856 anti*

125 2889 258 2986 quitatis
281 2892 476 2990 collegeram
501 2917 572 2964 non
593 2895 763 2989 publicum
777 2892 847 2982 ius,
874 2916 944 2962 non
968 2893 1081 2987 priva-

125 3018 196 3074 tum
211 3021 243 3079 et
258 3001 355 3076 civile
370 3020 585 3102 cognoverat.
608 3006 818 3102 Quamquam
830 3000 864 3071 id
877 3001 1014 3097 quidem
1023 3002 1082 3074 fuit·

125 3114 224 3190 etiam
250 3114 284 3193 in
306 3115 396 3202 aliis,
419 3140 451 3188 et
466 3116 592 3214 magnis
615 3116 748 3213 quidem
765 3112 980 3198 oratoribus,
999 3137 1081 3209 quos

124 3249 240 3320 parum
253 3227 304 3307 his
321 3222 493 3305 irlstruuos
515 3226 637 3297 artibus
650 3225 815 3321 uidimus,
829 3244 876 3294 ut
889 3222 1080 3318 Sulpicium,

124 3351 161 3405 ut
178 3337 373 3437 Antonium
399 3365 408 3408 r
433 3337 488 3410 sed
526 3336 551 3407 ii
585 3356 697 3412 tamen
725 3362 828 3409 unum
860 3334 941 3405 illud
980 3335 1080 3407 habe.

124 3447 204 3522 bant
233 3449 363 3521 dicendi
400 3474 484 3546 opus
512 3448 725 3527 elaboratum.
757 3450 868 3547 ‘idque
891 3473 970 3521 cum
1000 3472 1078 3520 con.

124 3558 221 3634 staret
245 3585 287 3639 ex
313 3560 459 3658 quinque
488 3559 661 3632 notissimis
688 3559 869 3657 partibus,
917 3584 1021 3631 nemo
1047 3558 1081 3629 in

123 3669 232 3767 aliqua
266 3686 357 3770 parte
396 3695 508 3744 earum
548 3671 690 3743 omnino
730 3668 812 3741 nihil
850 3684 984 3765 poterat
1016 3666 1079 3766 (in

123 3802 319 3882 quacunque
361 3781 451 3859 enim
497 3806 563 3855 una
598 3780 693 3878 plane
730 3778 959 3871 claudicaret,
1011 3771 1080 3851 ora·
