2304 4304
400 308 695 385 LIBERI
978 328 1025 404 37

65 483 96 538 te
115 465 192 556 his,
221 465 361 555 Crasse,
378 465 542 541 fastorum
549 521 561 559 ,
583 432 686 543 frisia
707 464 914 564 exposueris,
939 492 1026 565 quae

65 600 156 671 puras
171 576 214 648 ad
237 576 413 651 dicendum
436 577 509 675 plus
524 629 535 667 ,
549 602 649 675 quam
655 574 765 682 ipsam
775 595 905 668 artem,
930 579 1026 676 posse

67 683 227 780 prodesse

110 795 236 868 Dicam
258 794 433 894 equidem,
455 797 615 894 quoniam
637 795 788 887 institui,
812 817 985 898 petamque
1007 820 1026 875 a
1049 839 1091 878 ιιι

14 850 18 997 i
65 901 188 992 vobis,
223 901 358 1005 inquit,
389 928 432 975 ne
462 904 520 976 has
546 930 637 978 meas
668 905 809 1002 ineptias
849 903 1026 978 efferatis:

14 1012 16 1073 ἕ
63 1041 267 1115 quamquam
293 1016 497 1091 moderabor
517 1016 616 1117 ipse,
643 1042 711 1108 ne,
733 1035 772 1089 ut
793 1014 929 1115 quidam
957 1041 1029 1088 ma·

62 1126 160 1224 gister
182 1145 281 1226 atque
306 1125 449 1219 artifex,
480 1127 536 1199 sed
562 1127 652 1226 quast
678 1153 762 1201 unm
786 1153 805 1201 e
834 1150 1029 1228 rogatorum

62 1261 226 1324 numero,
257 1259 355 1336 arque
386 1262 429 1309 ex
459 1234 583 1310 forensi
616 1236 675 1309 usu
697 1237 805 1310 homo
827 1229 1031 1339 mediocris,

61 1372 178 1446 neque
193 1347 336 1420 omnino
358 1346 475 1435 mdis,
500 1348 642 1439 videar,
669 1372 739 1421 non
752 1345 833 1444 ipse
859 1346 995 1445 aliquid
1009 1371 1031 1418 a

62 1477 115 1525 me
138 1439 336 1550 promsrffe,
364 1455 419 1528 sed
445 1454 624 1530 fortuito
614 1483 651 1528 m
671 1456 858 1530 sermonem
881 1455 1028 1530 vestnun

60 1564 221 1639 incidisse.
263 1568 454 1673 Equidem,
484 1594 562 1642 cum
598 1589 747 1666 peterem
776 1566 1044 1667 magistratum,
1051 1603 1096 1639 ιιι

58 1672 239 1748 solebam
229 1704 265 1749 m
289 1666 477 1775 prensando
497 1676 666 1750 dimittere
689 1703 708 1750 a
733 1702 788 1750 me
806 1676 1030 1757 Scaevolam,

61 1811 139 1858 cum
162 1789 196 1861 ei
214 1790 259 1862 ita
281 1790 449 1884 dicerem,
466 1815 521 1862 me
547 1790 633 1863 velle
647 1789 891 1887 efferneptum.
912 1790 1031 1865 aderat
1117 1788 1120 1796 ’

60 1917 174 1991 petere
196 1900 369 1974 blandius:
393 1901 487 1998 quod
508 1898 597 1971 nifi
587 1916 699 1997 mepte
718 1897 814 1972 fieret
826 1951 838 1985 ,
852 1898 937 1972 bene
958 1923 1031 1972 non

62 2010 172 2105 posset
194 2010 277 2084 fieri.
316 2013 416 2092 Hrmc
438 2030 548 2086 autem
569 2011 636 2086 esse
660 2038 765 2086 unum
792 2012 965 2086 hominem
987 2037 1031 2084 ex
1058 2046 1062 2053 ·

61 2123 243 2215 omnibus,
265 2149 335 2223 quo
363 2124 533 2222 praesente
555 2149 621 2224 ego
647 2125 780 2224 ineptus
802 2122 868 2195 esse
892 2121 1033 2193 minime

61 2234 184 2306 vellem
208 2258 217 2304 :
241 2261 341 2333 quem
370 2236 504 2333 quidem
532 2250 621 2309 nunc
652 2244 803 2309 mearum
830 2230 1032 2327 ineptiarum
1072 2255 1076 2262 ·

61 2341 178 2415 testem
200 2362 235 2417 et
250 2343 473 2443 -spediatorem
492 2343 629 2418 fortuna
643 2343 825 2417 constituit.
852 2343 940 2411 Nam
952 2337 1035 2436 quid

61 2451 110 2524 est
131 2453 297 2552 ineptius,
320 2483 420 2556 quam
438 2458 479 2530 de
500 2454 645 2531 dicendo
670 2456 808 2544 dicere,
826 2477 904 2527 cum
926 2449 1033 2548 ipsum

62 2563 156 2632 dicere
183 2588 352 2661 nunquam
375 2565 415 2638 sn
444 2590 515 2637 non
537 2564 712 2659 ineptum,
731 2560 792 2634 nisr
814 2586 891 2635 cum
913 2560 959 2633 esi
974 2584 1033 2632 ne-

63 2673 267 2748 cessarium?
299 2680 420 2778 Perge
433 2702 542 2769 vero,
580 2677 722 2768 Crasse,
756 2676 867 2775 inquit
890 2673 1031 2747 Mucius.
1053 2705 1100 2758 113

62 2783 159 2856 Istam
179 2788 269 2861 enim
292 2791 442 2887 cidpam,
465 2814 565 2888 quam
581 2789 740 2877 vereris,
761 2812 827 2888 ego
849 2785 1032 2885 praestabo
1084 2867 1089 2877 ,

113 2893 194 2966 Sic
184 2896 312 2992 igitur,
333 2898 441 2996 inquit
462 2895 620 2989 Crassus,
641 2897 774 2988 sentio,
789 2914 939 2967 naturam
963 2891 1033 2989 pri·
1054 2908 1094 2985 25

61 3031 183 3095 mum,
210 3028 309 3106 arque
333 3009 505 3108 ingenium
532 3009 574 3083 ad
607 3010 784 3083 dicendum
810 3004 884 3080 vim
915 3002 1034 3076 afferre

63 3116 273 3192 maximam:
301 3145 410 3220 neque
440 3148 527 3197 vero
548 3120 637 3208 istis,
656 3121 697 3193 de
713 3117 832 3218 quibus
844 3114 949 3213 paulo
957 3133 1034 3188 ante

61 3222 151 3296 dixit
160 3227 349 3321 Antonius,
371 3228 588 3327 scriptoribus
605 3231 705 3320 artis,
718 3227 884 3300 rationem
901 3222 1033 3298 dicendi

60 3345 100 3400 et
123 3329 235 3421 viam,
258 3332 315 3405 sed
340 3355 492 3408 naturam
511 3332 659 3406 defuisse.
686 3333 773 3405 Nam
796 3348 829 3426 et
854 3327 967 3400 animi
980 3348 1034 3400 ar·

62 3463 131 3536 que
154 3438 280 3538 ingenii
301 3444 424 3517 celeres
448 3445 583 3544 quidam
601 3461 715 3518 motus.
734 3441 800 3518 esse
814 3442 960 3529 debent,
974 3436 1034 3534 qui

63 3551 171 3622 etad
206 3545 465 3651 excogitandum
501 3554 619 3647 acuti,
655 3557 766 3630 etad
799 3550 1034 3653 explicandum

63 3665 321 3763 ornandumque
347 3665 410 3739 sint
427 3668 570 3759 uberes,
596 3669 689 3743 etad
716 3668 915 3741 memoriam
941 3657 1032 3729 sirmi

54 3791 165 3878 2th
188 3775 344 3853 diutumi.
369 3779 411 3854 Et
433 3777 457 3850 sl
479 3781 552 3880 quis
568 3779 638 3872 est,
656 3783 716 3881 qui
739 3781 821 3944 haece
844 3788 938 3874 putet
960 3781 1030 3846 arte
1055 3791 1100 3842 ιι4
