<?xml version="1.0" encoding="UTF-8"?>
<!DOCTYPE html PUBLIC "-//W3C//DTD XHTML 1.0 Transitional//EN"
    "http://www.w3.org/TR/xhtml1/DTD/xhtml1-transitional.dtd">
<html xmlns="http://www.w3.org/1999/xhtml" xml:lang="en" lang="en">
 <head>
  <title>
</title>
<meta http-equiv="Content-Type" content="text/html;charset=utf-8" />
  <meta name='ocr-system' content='tesseract 3.04.00' />
  <meta name='ocr-capabilities' content='ocr_page ocr_carea ocr_par ocr_line ocrx_word'/>
</head>
<body>
  <div class='ocr_page' id='page_1' title='image "./mtulliiciceroni00plutgoog_0206.png"; bbox 0 0 2302 4304; ppageno 0'>
   <div class='ocr_carea' id='block_1_1' title="bbox 367 308 1032 416">
    <p class='ocr_par' dir='ltr' id='par_1_1' title="bbox 367 308 1032 416">
     <span class='ocr_line' id='line_1_1' title="bbox 367 308 1032 416; baseline 0.006 -38"><span class='ocrx_word' id='word_1_1' title='bbox 367 308 691 416; x_wconf 75' lang='lat' dir='ltr'>cranam.</span> <span class='ocrx_word' id='word_1_2' title='bbox 966 332 1032 406; x_wconf 85' lang='lat'>203</span> 
     </span>
    </p>
   </div>
   <div class='ocr_carea' id='block_1_2' title="bbox 22 462 1112 3881">
    <p class='ocr_par' dir='ltr' id='par_1_2' title="bbox 50 462 1106 2113">
     <span class='ocr_line' id='line_1_2' title="bbox 69 462 1034 567; baseline 0.002 -26"><span class='ocrx_word' id='word_1_3' title='bbox 69 469 205 567; x_wconf 87' lang='lat' dir='ltr'>pienter</span> <span class='ocrx_word' id='word_1_4' title='bbox 227 468 406 554; x_wconf 76' lang='lat' dir='ltr'>adversos,</span> <span class='ocrx_word' id='word_1_5' title='bbox 429 495 499 541; x_wconf 92' lang='lat' dir='ltr'>non</span> <span class='ocrx_word' id='word_1_6' title='bbox 525 467 664 542; x_wconf 69' lang='lat' dir='ltr'>fredum</span> <span class='ocrx_word' id='word_1_7' title='bbox 686 467 750 542; x_wconf 85' lang='lat' dir='ltr'>elle</span> <span class='ocrx_word' id='word_1_8' title='bbox 773 462 929 560; x_wconf 77' lang='lat' dir='ltr'>fortuna,</span> <span class='ocrx_word' id='word_1_9' title='bbox 953 471 1034 543; x_wconf 89' lang='lat' dir='ltr'>reti·</span> 
     </span>
     <span class='ocr_line' id='line_1_3' title="bbox 69 578 1098 676; baseline 0.007 -26"><span class='ocrx_word' id='word_1_10' title='bbox 69 580 177 651; x_wconf 84' lang='lat' dir='ltr'>nuiffe</span> <span class='ocrx_word' id='word_1_11' title='bbox 203 580 238 651; x_wconf 93' lang='lat' dir='ltr'>in</span> <span class='ocrx_word' id='word_1_12' title='bbox 268 580 365 651; x_wconf 86' lang='lat' dir='ltr'>rebus</span> <span class='ocrx_word' id='word_1_13' title='bbox 383 578 504 676; x_wconf 87' lang='lat' dir='ltr'>asperis</span> <span class='ocrx_word' id='word_1_14' title='bbox 525 578 729 675; x_wconf 88' lang='lat' dir='ltr'>dignitatem.</span> <span class='ocrx_word' id='word_1_15' title='bbox 780 578 909 675; x_wconf 89' lang='lat' dir='ltr'>Neque·</span> <span class='ocrx_word' id='word_1_16' title='bbox 922 596 1033 651; x_wconf 88' lang='lat' dir='ltr'>tamen</span> <span class='ocrx_word' id='word_1_17' title='bbox 1048 605 1098 657; x_wconf 78' lang='lat'>347</span> 
     </span>
     <span class='ocr_line' id='line_1_4' title="bbox 69 686 1033 780; baseline 0.001 -19"><span class='ocrx_word' id='word_1_18' title='bbox 69 690 125 762; x_wconf 77' lang='lat' dir='ltr'>alla</span> <span class='ocrx_word' id='word_1_19' title='bbox 150 717 221 765; x_wconf 92' lang='lat' dir='ltr'>non</span> <span class='ocrx_word' id='word_1_20' title='bbox 244 712 392 780; x_wconf 85' lang='lat' dir='ltr'>ornant,</span> <span class='ocrx_word' id='word_1_21' title='bbox 420 686 524 765; x_wconf 88' lang='lat' dir='ltr'>habiti</span> <span class='ocrx_word' id='word_1_22' title='bbox 546 692 719 779; x_wconf 88' lang='lat' dir='ltr'>honores,</span> <span class='ocrx_word' id='word_1_23' title='bbox 740 691 872 763; x_wconf 88' lang='lat' dir='ltr'>decreta</span> <span class='ocrx_word' id='word_1_24' title='bbox 899 690 1033 762; x_wconf 85' lang='lat' dir='ltr'>virmtis</span> 
     </span>
     <span class='ocr_line' id='line_1_5' title="bbox 69 800 1106 900; baseline 0.001 -28"><span class='ocrx_word' id='word_1_25' title='bbox 69 803 244 896; x_wconf 87' lang='lat' dir='ltr'>praemia,</span> <span class='ocrx_word' id='word_1_26' title='bbox 263 827 315 874; x_wconf 87' lang='lat' dir='ltr'>res</span> <span class='ocrx_word' id='word_1_27' title='bbox 333 800 461 900; x_wconf 86' lang='lat' dir='ltr'>gestae,</span> <span class='ocrx_word' id='word_1_28' title='bbox 483 803 615 875; x_wconf 91' lang='lat' dir='ltr'>iudiciis</span> <span class='ocrx_word' id='word_1_29' title='bbox 636 801 810 874; x_wconf 91' lang='lat' dir='ltr'>hominum</span> <span class='ocrx_word' id='word_1_30' title='bbox 834 802 1033 897; x_wconf 93' lang='lat' dir='ltr'>comproba·</span> <span class='ocrx_word' id='word_1_31' title='bbox 1101 843 1106 852; x_wconf 96' lang='lat'>·</span> 
     </span>
     <span class='ocr_line' id='line_1_6' title="bbox 68 907 1032 1006; baseline 0 -28"><span class='ocrx_word' id='word_1_32' title='bbox 68 928 152 979; x_wconf 88' lang='lat' dir='ltr'>tae:</span> <span class='ocrx_word' id='word_1_33' title='bbox 176 910 212 980; x_wconf 91' lang='lat' dir='ltr'>in</span> <span class='ocrx_word' id='word_1_34' title='bbox 240 908 358 1006; x_wconf 87' lang='lat' dir='ltr'>quibus</span> <span class='ocrx_word' id='word_1_35' title='bbox 381 908 481 980; x_wconf 91' lang='lat' dir='ltr'>etiam</span> <span class='ocrx_word' id='word_1_36' title='bbox 517 907 708 982; x_wconf 86' lang='lat' dir='ltr'>felicitatem</span> <span class='ocrx_word' id='word_1_37' title='bbox 735 907 863 1006; x_wconf 85' lang='lat' dir='ltr'>ipsam,</span> <span class='ocrx_word' id='word_1_38' title='bbox 891 909 1032 980; x_wconf 89' lang='lat' dir='ltr'>deorum</span> 
     </span>
     <span class='ocr_line' id='line_1_7' title="bbox 69 1016 1034 1110; baseline -0.008 -18"><span class='ocrx_word' id='word_1_39' title='bbox 69 1021 311 1093; x_wconf 87' lang='lat' dir='ltr'>immortalium</span> <span class='ocrx_word' id='word_1_40' title='bbox 322 1020 446 1092; x_wconf 91' lang='lat' dir='ltr'>iudicio</span> <span class='ocrx_word' id='word_1_41' title='bbox 458 1020 795 1110; x_wconf 91' lang='lat' dir='ltr'>tribui,laudationis</span> <span class='ocrx_word' id='word_1_42' title='bbox 807 1016 862 1090; x_wconf 90' lang='lat' dir='ltr'>est.</span> <span class='ocrx_word' id='word_1_43' title='bbox 893 1018 1034 1088; x_wconf 89' lang='lat' dir='ltr'>Sumen-</span> 
     </span>
     <span class='ocr_line' id='line_1_8' title="bbox 69 1125 1033 1230; baseline -0.003 -27"><span class='ocrx_word' id='word_1_44' title='bbox 69 1134 134 1206; x_wconf 89' lang='lat' dir='ltr'>dae</span> <span class='ocrx_word' id='word_1_45' title='bbox 156 1153 268 1206; x_wconf 91' lang='lat' dir='ltr'>autem</span> <span class='ocrx_word' id='word_1_46' title='bbox 291 1157 345 1205; x_wconf 91' lang='lat' dir='ltr'>res</span> <span class='ocrx_word' id='word_1_47' title='bbox 371 1150 468 1205; x_wconf 89' lang='lat' dir='ltr'>erunt</span> <span class='ocrx_word' id='word_1_48' title='bbox 492 1149 549 1205; x_wconf 92' lang='lat' dir='ltr'>aut</span> <span class='ocrx_word' id='word_1_49' title='bbox 568 1132 791 1230; x_wconf 83' lang='lat' dir='ltr'>magnitudine</span> <span class='ocrx_word' id='word_1_50' title='bbox 809 1125 1033 1227; x_wconf 88' lang='lat' dir='ltr'>praestabiles,</span> 
     </span>
     <span class='ocr_line' id='line_1_9' title="bbox 50 1240 1084 1345; baseline -0.002 -31"><span class='ocrx_word' id='word_1_51' title='bbox 50 1254 130 1316; x_wconf 84' lang='lat' dir='ltr'>ant</span> <span class='ocrx_word' id='word_1_52' title='bbox 162 1244 309 1316; x_wconf 85' lang='lat' dir='ltr'>novitate</span> <span class='ocrx_word' id='word_1_53' title='bbox 336 1245 485 1341; x_wconf 85' lang='lat' dir='ltr'>primae,</span> <span class='ocrx_word' id='word_1_54' title='bbox 523 1263 580 1317; x_wconf 89' lang='lat' dir='ltr'>aut</span> <span class='ocrx_word' id='word_1_55' title='bbox 606 1267 727 1345; x_wconf 85' lang='lat' dir='ltr'>genere</span> <span class='ocrx_word' id='word_1_56' title='bbox 750 1242 823 1340; x_wconf 93' lang='lat' dir='ltr'>ipso</span> <span class='ocrx_word' id='word_1_57' title='bbox 848 1240 1033 1339; x_wconf 77' lang='lat' dir='ltr'>singulares.</span> <span class='ocrx_word' id='word_1_58' title='bbox 1081 1323 1084 1330; x_wconf 27' lang='lat'><strong>¹</strong></span> 
     </span>
     <span class='ocr_line' id='line_1_10' title="bbox 67 1351 1032 1454; baseline 0.005 -33"><span class='ocrx_word' id='word_1_59' title='bbox 67 1377 185 1449; x_wconf 84' lang='lat' dir='ltr'>neque</span> <span class='ocrx_word' id='word_1_60' title='bbox 205 1354 292 1426; x_wconf 90' lang='lat' dir='ltr'>enim</span> <span class='ocrx_word' id='word_1_61' title='bbox 310 1380 458 1453; x_wconf 83' lang='lat' dir='ltr'>parvae,</span> <span class='ocrx_word' id='word_1_62' title='bbox 474 1381 580 1454; x_wconf 87' lang='lat' dir='ltr'>neque</span> <span class='ocrx_word' id='word_1_63' title='bbox 605 1355 757 1445; x_wconf 78' lang='lat' dir='ltr'>usitatae,</span> <span class='ocrx_word' id='word_1_64' title='bbox 780 1379 888 1452; x_wconf 89' lang='lat' dir='ltr'>neque</span> <span class='ocrx_word' id='word_1_65' title='bbox 913 1351 1032 1449; x_wconf 84' lang='lat' dir='ltr'>vulga·</span> 
     </span>
     <span class='ocr_line' id='line_1_11' title="bbox 69 1461 1032 1564; baseline 0.004 -35"><span class='ocrx_word' id='word_1_66' title='bbox 69 1485 152 1549; x_wconf 84' lang='lat' dir='ltr'>res,</span> <span class='ocrx_word' id='word_1_67' title='bbox 178 1461 416 1553; x_wconf 84' lang='lat' dir='ltr'>admiratione,</span> <span class='ocrx_word' id='word_1_68' title='bbox 434 1483 490 1538; x_wconf 91' lang='lat' dir='ltr'>aut</span> <span class='ocrx_word' id='word_1_69' title='bbox 506 1466 649 1538; x_wconf 90' lang='lat' dir='ltr'>omnino</span> <span class='ocrx_word' id='word_1_70' title='bbox 674 1467 768 1539; x_wconf 90' lang='lat' dir='ltr'>laude</span> <span class='ocrx_word' id='word_1_71' title='bbox 789 1466 906 1564; x_wconf 83' lang='lat' dir='ltr'>dignae</span> <span class='ocrx_word' id='word_1_72' title='bbox 924 1462 1032 1538; x_wconf 88' lang='lat' dir='ltr'>videri</span> 
     </span>
     <span class='ocr_line' id='line_1_12' title="bbox 68 1567 1097 1671; baseline 0.001 -34"><span class='ocrx_word' id='word_1_73' title='bbox 68 1567 189 1640; x_wconf 88' lang='lat' dir='ltr'>solent.</span> <span class='ocrx_word' id='word_1_74' title='bbox 227 1569 281 1642; x_wconf 85' lang='lat' dir='ltr'>Est</span> <span class='ocrx_word' id='word_1_75' title='bbox 303 1572 400 1644; x_wconf 87' lang='lat' dir='ltr'>etiam</span> <span class='ocrx_word' id='word_1_76' title='bbox 429 1591 507 1644; x_wconf 87' lang='lat' dir='ltr'>cum</span> <span class='ocrx_word' id='word_1_77' title='bbox 537 1574 654 1646; x_wconf 85' lang='lat' dir='ltr'>ceteris</span> <span class='ocrx_word' id='word_1_78' title='bbox 683 1574 917 1671; x_wconf 84' lang='lat' dir='ltr'>praestantibus</span> <span class='ocrx_word' id='word_1_79' title='bbox 948 1569 1032 1645; x_wconf 86' lang='lat' dir='ltr'>viris</span> <span class='ocrx_word' id='word_1_80' title='bbox 1050 1572 1097 1640; x_wconf 78' lang='lat'>34⁸</span> 
     </span>
     <span class='ocr_line' id='line_1_13' title="bbox 67 1678 1032 1779; baseline 0.005 -34"><span class='ocrx_word' id='word_1_81' title='bbox 67 1678 278 1772; x_wconf 91' lang='lat' dir='ltr'>comparatio</span> <span class='ocrx_word' id='word_1_82' title='bbox 321 1678 357 1751; x_wconf 93' lang='lat' dir='ltr'>in</span> <span class='ocrx_word' id='word_1_83' title='bbox 385 1679 572 1752; x_wconf 86' lang='lat' dir='ltr'>laudatione</span> <span class='ocrx_word' id='word_1_84' title='bbox 600 1681 774 1777; x_wconf 89' lang='lat' dir='ltr'>praeclara.</span> <span class='ocrx_word' id='word_1_85' title='bbox 807 1681 865 1754; x_wconf 91' lang='lat' dir='ltr'>De</span> <span class='ocrx_word' id='word_1_86' title='bbox 881 1705 951 1779; x_wconf 92' lang='lat' dir='ltr'>quo</span> <span class='ocrx_word' id='word_1_87' title='bbox 974 1703 1032 1777; x_wconf 92' lang='lat' dir='ltr'>ge·</span> 
     </span>
     <span class='ocr_line' id='line_1_14' title="bbox 67 1789 1032 1891; baseline 0.008 -35"><span class='ocrx_word' id='word_1_88' title='bbox 67 1812 149 1858; x_wconf 92' lang='lat' dir='ltr'>nere</span> <span class='ocrx_word' id='word_1_89' title='bbox 171 1789 301 1862; x_wconf 89' lang='lat' dir='ltr'>libitum</span> <span class='ocrx_word' id='word_1_90' title='bbox 322 1789 368 1872; x_wconf 85' lang='lat' dir='ltr'>est</span> <span class='ocrx_word' id='word_1_91' title='bbox 392 1791 475 1863; x_wconf 86' lang='lat' dir='ltr'>milri</span> <span class='ocrx_word' id='word_1_92' title='bbox 501 1791 600 1888; x_wconf 92' lang='lat' dir='ltr'>paulo</span> <span class='ocrx_word' id='word_1_93' title='bbox 625 1793 736 1888; x_wconf 90' lang='lat' dir='ltr'>plura,</span> <span class='ocrx_word' id='word_1_94' title='bbox 756 1817 855 1891; x_wconf 84' lang='lat' dir='ltr'>quam</span> <span class='ocrx_word' id='word_1_95' title='bbox 879 1791 1032 1865; x_wconf 89' lang='lat' dir='ltr'>ostende·</span> 
     </span>
     <span class='ocr_line' id='line_1_15' title="bbox 67 1901 1030 2011; baseline 0.007 -42"><span class='ocrx_word' id='word_1_96' title='bbox 67 1925 159 1990; x_wconf 85' lang='lat' dir='ltr'>ram,</span> <span class='ocrx_word' id='word_1_97' title='bbox 184 1901 320 1992; x_wconf 87' lang='lat' dir='ltr'>dicere,</span> <span class='ocrx_word' id='word_1_98' title='bbox 341 1927 412 1976; x_wconf 93' lang='lat' dir='ltr'>non</span> <span class='ocrx_word' id='word_1_99' title='bbox 444 1921 511 1976; x_wconf 93' lang='lat' dir='ltr'>tam</span> <span class='ocrx_word' id='word_1_100' title='bbox 543 1926 682 2000; x_wconf 90' lang='lat' dir='ltr'>propter</span> <span class='ocrx_word' id='word_1_101' title='bbox 702 1903 808 2011; x_wconf 76' lang='lat' dir='ltr'>&#39;usum</span> <span class='ocrx_word' id='word_1_102' title='bbox 840 1903 1030 1995; x_wconf 84' lang='lat' dir='ltr'>forensem,</span> 
     </span>
     <span class='ocr_line' id='line_1_16' title="bbox 65 2008 1030 2113; baseline 0.006 -34"><span class='ocrx_word' id='word_1_103' title='bbox 65 2010 124 2113; x_wconf 81' lang='lat' dir='ltr'>qui</span> <span class='ocrx_word' id='word_1_104' title='bbox 144 2008 191 2080; x_wconf 90' lang='lat' dir='ltr'>est</span> <span class='ocrx_word' id='word_1_105' title='bbox 208 2035 227 2080; x_wconf 94' lang='lat' dir='ltr'>a</span> <span class='ocrx_word' id='word_1_106' title='bbox 244 2035 298 2083; x_wconf 93' lang='lat' dir='ltr'>me</span> <span class='ocrx_word' id='word_1_107' title='bbox 314 2011 349 2082; x_wconf 91' lang='lat' dir='ltr'>in</span> <span class='ocrx_word' id='word_1_108' title='bbox 367 2012 461 2083; x_wconf 93' lang='lat' dir='ltr'>omni</span> <span class='ocrx_word' id='word_1_109' title='bbox 479 2011 546 2084; x_wconf 89' lang='lat' dir='ltr'>hoc</span> <span class='ocrx_word' id='word_1_110' title='bbox 572 2012 722 2084; x_wconf 88' lang='lat' dir='ltr'>sermone</span> <span class='ocrx_word' id='word_1_111' title='bbox 742 2013 911 2101; x_wconf 72' lang='lat' dir='ltr'>tradatus,</span> <span class='ocrx_word' id='word_1_112' title='bbox 929 2037 1030 2108; x_wconf 87' lang='lat' dir='ltr'>quam</span> 
     </span>
    </p>

    <p class='ocr_par' dir='ltr' id='par_1_3' title="bbox 64 2120 1099 2991">
     <span class='ocr_line' id='line_1_17' title="bbox 66 2120 1031 2215; baseline 0.002 -26"><span class='ocrx_word' id='word_1_113' title='bbox 66 2141 102 2192; x_wconf 92' lang='lat' dir='ltr'>ut</span> <span class='ocrx_word' id='word_1_114' title='bbox 125 2121 194 2194; x_wconf 92' lang='lat' dir='ltr'>hoc</span> <span class='ocrx_word' id='word_1_115' title='bbox 219 2123 399 2215; x_wconf 90' lang='lat' dir='ltr'>videretis,</span> <span class='ocrx_word' id='word_1_116' title='bbox 421 2125 446 2195; x_wconf 84' lang='lat' dir='ltr'>fi</span> <span class='ocrx_word' id='word_1_117' title='bbox 470 2124 673 2196; x_wconf 88' lang='lat' dir='ltr'>laudationes</span> <span class='ocrx_word' id='word_1_118' title='bbox 700 2120 801 2193; x_wconf 81' lang='lat' dir='ltr'>essent</span> <span class='ocrx_word' id='word_1_119' title='bbox 822 2120 858 2192; x_wconf 90' lang='lat' dir='ltr'>in</span> <span class='ocrx_word' id='word_1_120' title='bbox 887 2121 1031 2192; x_wconf 90' lang='lat' dir='ltr'>oratoris</span> 
     </span>
     <span class='ocr_line' id='line_1_18' title="bbox 66 2227 1029 2329; baseline -0.003 -31"><span class='ocrx_word' id='word_1_121' title='bbox 66 2230 210 2319; x_wconf 87' lang='lat' dir='ltr'>officio,</span> <span class='ocrx_word' id='word_1_122' title='bbox 231 2232 324 2329; x_wconf 93' lang='lat' dir='ltr'>quod</span> <span class='ocrx_word' id='word_1_123' title='bbox 349 2257 449 2304; x_wconf 88' lang='lat' dir='ltr'>nemo</span> <span class='ocrx_word' id='word_1_124' title='bbox 471 2250 592 2329; x_wconf 86' lang='lat' dir='ltr'>negat,</span> <span class='ocrx_word' id='word_1_125' title='bbox 615 2229 743 2300; x_wconf 89' lang='lat' dir='ltr'>oratori</span> <span class='ocrx_word' id='word_1_126' title='bbox 763 2227 927 2300; x_wconf 87' lang='lat' dir='ltr'>virtutum</span> <span class='ocrx_word' id='word_1_127' title='bbox 950 2250 1029 2296; x_wconf 89' lang='lat' dir='ltr'>om·</span> 
     </span>
     <span class='ocr_line' id='line_1_19' title="bbox 66 2336 1030 2436; baseline -0.002 -29"><span class='ocrx_word' id='word_1_128' title='bbox 66 2340 157 2409; x_wconf 90' lang='lat' dir='ltr'>nium</span> <span class='ocrx_word' id='word_1_129' title='bbox 192 2340 446 2436; x_wconf 87' lang='lat' dir='ltr'>cognitionem,</span> <span class='ocrx_word' id='word_1_130' title='bbox 474 2341 541 2411; x_wconf 80' lang='lat' dir='ltr'>sine</span> <span class='ocrx_word' id='word_1_131' title='bbox 572 2363 637 2434; x_wconf 91' lang='lat' dir='ltr'>qua</span> <span class='ocrx_word' id='word_1_132' title='bbox 660 2336 805 2408; x_wconf 90' lang='lat' dir='ltr'>laudatio</span> <span class='ocrx_word' id='word_1_133' title='bbox 837 2336 923 2406; x_wconf 87' lang='lat' dir='ltr'>effici</span> <span class='ocrx_word' id='word_1_134' title='bbox 960 2359 1030 2406; x_wconf 89' lang='lat' dir='ltr'>non</span> 
     </span>
     <span class='ocr_line' id='line_1_20' title="bbox 66 2445 1098 2542; baseline -0.001 -23"><span class='ocrx_word' id='word_1_135' title='bbox 66 2449 183 2542; x_wconf 83' lang='lat' dir='ltr'>poffit,</span> <span class='ocrx_word' id='word_1_136' title='bbox 202 2449 267 2522; x_wconf 84' lang='lat' dir='ltr'>esse</span> <span class='ocrx_word' id='word_1_137' title='bbox 280 2451 500 2524; x_wconf 86' lang='lat' dir='ltr'>necessariam.</span> <span class='ocrx_word' id='word_1_138' title='bbox 538 2453 607 2519; x_wconf 92' lang='lat' dir='ltr'>lam</span> <span class='ocrx_word' id='word_1_139' title='bbox 626 2445 838 2542; x_wconf 88' lang='lat' dir='ltr'>vituperandi</span> <span class='ocrx_word' id='word_1_140' title='bbox 856 2464 1029 2540; x_wconf 89' lang='lat' dir='ltr'>praecepta</span> <span class='ocrx_word' id='word_1_141' title='bbox 1049 2478 1098 2529; x_wconf 85' lang='lat'>349</span> 
     </span>
     <span class='ocr_line' id='line_1_21' title="bbox 65 2553 1032 2658; baseline 0.003 -33"><span class='ocrx_word' id='word_1_142' title='bbox 65 2555 241 2628; x_wconf 87' lang='lat' dir='ltr'>contrariis</span> <span class='ocrx_word' id='word_1_143' title='bbox 266 2583 307 2629; x_wconf 84' lang='lat' dir='ltr'>ex</span> <span class='ocrx_word' id='word_1_144' title='bbox 337 2559 441 2645; x_wconf 68' lang='lat' dir='ltr'>uitiis·</span> <span class='ocrx_word' id='word_1_145' title='bbox 454 2556 613 2629; x_wconf 86' lang='lat' dir='ltr'>sumenda</span> <span class='ocrx_word' id='word_1_146' title='bbox 648 2553 712 2626; x_wconf 87' lang='lat' dir='ltr'>elle</span> <span class='ocrx_word' id='word_1_147' title='bbox 739 2553 946 2658; x_wconf 85' lang='lat' dir='ltr'>perspicuum</span> <span class='ocrx_word' id='word_1_148' title='bbox 972 2554 1032 2653; x_wconf 52' lang='lat' dir='ltr'>est„</span> 
     </span>
     <span class='ocr_line' id='line_1_22' title="bbox 66 2665 1099 2765; baseline 0.004 -28"><span class='ocrx_word' id='word_1_149' title='bbox 66 2667 160 2738; x_wconf 76' lang='lat' dir='ltr'>simul</span> <span class='ocrx_word' id='word_1_150' title='bbox 178 2665 226 2738; x_wconf 85' lang='lat' dir='ltr'>est</span> <span class='ocrx_word' id='word_1_151' title='bbox 246 2668 325 2740; x_wconf 89' lang='lat' dir='ltr'>illud</span> <span class='ocrx_word' id='word_1_152' title='bbox 343 2688 419 2741; x_wconf 89' lang='lat' dir='ltr'>ante</span> <span class='ocrx_word' id='word_1_153' title='bbox 436 2667 571 2763; x_wconf 83' lang='lat' dir='ltr'>oculos,</span> <span class='ocrx_word' id='word_1_154' title='bbox 593 2692 656 2741; x_wconf 88' lang='lat' dir='ltr'>nec</span> <span class='ocrx_word' id='word_1_155' title='bbox 674 2668 801 2740; x_wconf 91' lang='lat' dir='ltr'>bonum</span> <span class='ocrx_word' id='word_1_156' title='bbox 821 2668 932 2744; x_wconf 86' lang='lat' dir='ltr'>virum</span> <span class='ocrx_word' id='word_1_157' title='bbox 945 2693 1047 2765; x_wconf 80' lang='lat' dir='ltr'>pro--</span> <span class='ocrx_word' id='word_1_158' title='bbox 1097 2685 1099 2688; x_wconf 52' lang='lat'><strong>⁴</strong></span> 
     </span>
     <span class='ocr_line' id='line_1_23' title="bbox 64 2775 1027 2871; baseline 0.006 -25"><span class='ocrx_word' id='word_1_159' title='bbox 64 2776 135 2869; x_wconf 90' lang='lat' dir='ltr'>prie</span> <span class='ocrx_word' id='word_1_160' title='bbox 168 2793 204 2847; x_wconf 91' lang='lat' dir='ltr'>et</span> <span class='ocrx_word' id='word_1_161' title='bbox 230 2775 365 2871; x_wconf 90' lang='lat' dir='ltr'>copiose</span> <span class='ocrx_word' id='word_1_162' title='bbox 395 2775 535 2865; x_wconf 89' lang='lat' dir='ltr'>laudari,</span> <span class='ocrx_word' id='word_1_163' title='bbox 564 2775 632 2849; x_wconf 80' lang='lat' dir='ltr'>sine</span> <span class='ocrx_word' id='word_1_164' title='bbox 661 2777 851 2870; x_wconf 81' lang='lat' dir='ltr'>vittumm,</span> <span class='ocrx_word' id='word_1_165' title='bbox 878 2804 938 2852; x_wconf 92' lang='lat' dir='ltr'>nec</span> <span class='ocrx_word' id='word_1_166' title='bbox 962 2781 1027 2852; x_wconf 91' lang='lat' dir='ltr'>im·</span> 
     </span>
     <span class='ocr_line' id='line_1_24' title="bbox 65 2881 1027 2991; baseline 0.009 -34"><span class='ocrx_word' id='word_1_167' title='bbox 65 2881 210 2980; x_wconf 91' lang='lat' dir='ltr'>probum</span> <span class='ocrx_word' id='word_1_168' title='bbox 236 2888 347 2959; x_wconf 87' lang='lat' dir='ltr'>notari</span> <span class='ocrx_word' id='word_1_169' title='bbox 375 2911 413 2958; x_wconf 91' lang='lat' dir='ltr'>ac</span> <span class='ocrx_word' id='word_1_170' title='bbox 439 2887 650 2986; x_wconf 89' lang='lat' dir='ltr'>vituperari,</span> <span class='ocrx_word' id='word_1_171' title='bbox 674 2890 740 2966; x_wconf 88' lang='lat' dir='ltr'>line</span> <span class='ocrx_word' id='word_1_172' title='bbox 762 2893 924 2967; x_wconf 90' lang='lat' dir='ltr'>vitiorum</span> <span class='ocrx_word' id='word_1_173' title='bbox 943 2918 1027 2991; x_wconf 89' lang='lat' dir='ltr'>cog·</span> 
     </span>
    </p>

    <p class='ocr_par' dir='ltr' id='par_1_4' title="bbox 22 2999 1079 3320">
     <span class='ocr_line' id='line_1_25' title="bbox 22 2999 1043 3106; baseline 0.017 -40"><span class='ocrx_word' id='word_1_174' title='bbox 22 3021 35 3058; x_wconf 59' lang='lat' dir='ltr'>u</span> <span class='ocrx_word' id='word_1_175' title='bbox 66 2999 219 3085; x_wconf 84' lang='lat' dir='ltr'>uitione,</span> <span class='ocrx_word' id='word_1_176' title='bbox 253 3000 326 3072; x_wconf 89' lang='lat' dir='ltr'>satis</span> <span class='ocrx_word' id='word_1_177' title='bbox 352 2999 501 3098; x_wconf 78' lang='lat' dir='ltr'>insignite</span> <span class='ocrx_word' id='word_1_178' title='bbox 520 3021 618 3102; x_wconf 87' lang='lat' dir='ltr'>atque</span> <span class='ocrx_word' id='word_1_179' title='bbox 634 3005 745 3103; x_wconf 90' lang='lat' dir='ltr'>aspere</span> <span class='ocrx_word' id='word_1_180' title='bbox 774 3009 878 3106; x_wconf 82' lang='lat' dir='ltr'>posse.</span> <span class='ocrx_word' id='word_1_181' title='bbox 912 3012 1043 3106; x_wconf 50' lang='lat' dir='ltr'>altque¹</span> 
     </span>
     <span class='ocr_line' id='line_1_26' title="bbox 61 3106 1079 3216; baseline 0.018 -40"><span class='ocrx_word' id='word_1_182' title='bbox 61 3106 109 3179; x_wconf 86' lang='lat' dir='ltr'>lis</span> <span class='ocrx_word' id='word_1_183' title='bbox 131 3109 217 3181; x_wconf 91' lang='lat' dir='ltr'>locis</span> <span class='ocrx_word' id='word_1_184' title='bbox 244 3126 278 3182; x_wconf 91' lang='lat' dir='ltr'>et</span> <span class='ocrx_word' id='word_1_185' title='bbox 299 3109 450 3184; x_wconf 87' lang='lat' dir='ltr'>laudandi</span> <span class='ocrx_word' id='word_1_186' title='bbox 468 3130 502 3187; x_wconf 91' lang='lat' dir='ltr'>et</span> <span class='ocrx_word' id='word_1_187' title='bbox 521 3115 733 3212; x_wconf 88' lang='lat' dir='ltr'>vituperandi</span> <span class='ocrx_word' id='word_1_188' title='bbox 751 3119 844 3216; x_wconf 89' lang='lat' dir='ltr'>saepe</span> <span class='ocrx_word' id='word_1_189' title='bbox 864 3118 962 3192; x_wconf 86' lang='lat' dir='ltr'>nobis</span> <span class='ocrx_word' id='word_1_190' title='bbox 978 3119 1026 3192; x_wconf 90' lang='lat' dir='ltr'>est</span> <span class='ocrx_word' id='word_1_191' title='bbox 1077 3125 1079 3130; x_wconf 83' lang='grc'><strong>’</strong></span> 
     </span>
     <span class='ocr_line' id='line_1_27' title="bbox 65 3218 739 3320; baseline 0.016 -34"><span class='ocrx_word' id='word_1_192' title='bbox 65 3219 220 3289; x_wconf 87' lang='lat' dir='ltr'>utendum</span> <span class='ocrx_word' id='word_1_193' title='bbox 242 3218 279 3287; x_wconf 91' lang='lat' dir='ltr'>in</span> <span class='ocrx_word' id='word_1_194' title='bbox 300 3219 394 3293; x_wconf 90' lang='lat' dir='ltr'>omni</span> <span class='ocrx_word' id='word_1_195' title='bbox 418 3247 539 3320; x_wconf 88' lang='lat' dir='ltr'>genere</span> <span class='ocrx_word' id='word_1_196' title='bbox 561 3225 739 3298; x_wconf 85' lang='lat' dir='ltr'>causanrm.</span> 
     </span>
    </p>

    <p class='ocr_par' dir='ltr' id='par_1_5' title="bbox 64 3329 1112 3881">
     <span class='ocr_line' id='line_1_28' title="bbox 109 3329 1092 3441; baseline 0.018 -41"><span class='ocrx_word' id='word_1_197' title='bbox 109 3329 268 3418; x_wconf 86' lang='lat' dir='ltr'>Habetis,</span> <span class='ocrx_word' id='word_1_198' title='bbox 294 3331 335 3402; x_wconf 92' lang='lat' dir='ltr'>de</span> <span class='ocrx_word' id='word_1_199' title='bbox 359 3333 567 3415; x_wconf 86' lang='lat' dir='ltr'>inveniendis</span> <span class='ocrx_word' id='word_1_200' title='bbox 594 3340 716 3428; x_wconf 84' lang='lat' dir='ltr'>rebus,</span> <span class='ocrx_word' id='word_1_201' title='bbox 751 3339 1024 3441; x_wconf 84' lang='lat' dir='ltr'>disponendisque</span> <span class='ocrx_word' id='word_1_202' title='bbox 1041 3367 1092 3418; x_wconf 78' lang='lat'>35⁰</span> 
     </span>
     <span class='ocr_line' id='line_1_29' title="bbox 67 3436 1023 3541; baseline 0.017 -36"><span class='ocrx_word' id='word_1_203' title='bbox 67 3436 142 3530; x_wconf 90' lang='lat' dir='ltr'>quid</span> <span class='ocrx_word' id='word_1_204' title='bbox 166 3438 314 3511; x_wconf 88' lang='lat' dir='ltr'>sentiam.</span> <span class='ocrx_word' id='word_1_205' title='bbox 339 3442 515 3541; x_wconf 84' lang='lat' dir='ltr'>adiungam</span> <span class='ocrx_word' id='word_1_206' title='bbox 529 3446 628 3519; x_wconf 90' lang='lat' dir='ltr'>etiam</span> <span class='ocrx_word' id='word_1_207' title='bbox 650 3448 690 3519; x_wconf 87' lang='lat' dir='ltr'>de</span> <span class='ocrx_word' id='word_1_208' title='bbox 707 3453 889 3541; x_wconf 90' lang='lat' dir='ltr'>memoria,</span> <span class='ocrx_word' id='word_1_209' title='bbox 914 3471 951 3524; x_wconf 88' lang='lat' dir='ltr'>ut</span> <span class='ocrx_word' id='word_1_210' title='bbox 972 3453 1023 3521; x_wconf 86' lang='lat' dir='ltr'>la·</span> 
     </span>
     <span class='ocr_line' id='line_1_30' title="bbox 67 3541 1024 3654; baseline 0.018 -43"><span class='ocrx_word' id='word_1_211' title='bbox 67 3541 144 3614; x_wconf 89' lang='lat' dir='ltr'>bore</span> <span class='ocrx_word' id='word_1_212' title='bbox 160 3544 315 3617; x_wconf 77' lang='lat' dir='ltr'>Crassum</span> <span class='ocrx_word' id='word_1_213' title='bbox 331 3548 467 3647; x_wconf 74' lang='lat' dir='ltr'>levem,</span> <span class='ocrx_word' id='word_1_214' title='bbox 488 3552 594 3649; x_wconf 90' lang='lat' dir='ltr'>neque</span> <span class='ocrx_word' id='word_1_215' title='bbox 608 3551 639 3625; x_wconf 92' lang='lat' dir='ltr'>ei</span> <span class='ocrx_word' id='word_1_216' title='bbox 654 3555 831 3654; x_wconf 90' lang='lat' dir='ltr'>quidquam</span> <span class='ocrx_word' id='word_1_217' title='bbox 847 3559 956 3645; x_wconf 87' lang='lat' dir='ltr'>aliud,</span> <span class='ocrx_word' id='word_1_218' title='bbox 981 3558 1024 3628; x_wconf 89' lang='lat' dir='ltr'>de</span> 
     </span>
     <span class='ocr_line' id='line_1_31' title="bbox 64 3657 1112 3766; baseline 0.018 -41"><span class='ocrx_word' id='word_1_219' title='bbox 64 3680 131 3749; x_wconf 87' lang='lat' dir='ltr'>quo</span> <span class='ocrx_word' id='word_1_220' title='bbox 157 3657 313 3746; x_wconf 78' lang='lat' dir='ltr'>disserat,</span> <span class='ocrx_word' id='word_1_221' title='bbox 358 3662 567 3758; x_wconf 74' lang='lat' dir='ltr'>relinquam,</span> <span class='ocrx_word' id='word_1_222' title='bbox 606 3667 665 3738; x_wconf 79' lang='lat' dir='ltr'>nist</span> <span class='ocrx_word' id='word_1_223' title='bbox 696 3693 759 3759; x_wconf 87' lang='lat' dir='ltr'>ea,</span> <span class='ocrx_word' id='word_1_224' title='bbox 785 3672 905 3766; x_wconf 90' lang='lat' dir='ltr'>quibus</span> <span class='ocrx_word' id='word_1_225' title='bbox 940 3670 1022 3742; x_wconf 91' lang='lat' dir='ltr'>haec</span> <span class='ocrx_word' id='word_1_226' title='bbox 1111 3681 1112 3686; x_wconf 76' lang='grc'>’</span> 
     </span>
     <span class='ocr_line' id='line_1_32' title="bbox 68 3774 1089 3881; baseline 0.012 -46"><span class='ocrx_word' id='word_1_227' title='bbox 68 3789 280 3845; x_wconf 84' lang='lat' dir='ltr'>exornentur.</span> <span class='ocrx_word' id='word_1_228' title='bbox 332 3774 433 3872; x_wconf 85' lang='lat' dir='ltr'>Perge</span> <span class='ocrx_word' id='word_1_229' title='bbox 448 3800 558 3867; x_wconf 90' lang='lat' dir='ltr'>vero,</span> <span class='ocrx_word' id='word_1_230' title='bbox 585 3776 692 3881; x_wconf 82' lang='lat' dir='ltr'>inquit</span> <span class='ocrx_word' id='word_1_231' title='bbox 718 3779 860 3852; x_wconf 85' lang='lat' dir='ltr'>Crassus.</span> <span class='ocrx_word' id='word_1_232' title='bbox 883 3778 1022 3852; x_wconf 89' lang='lat' dir='ltr'>libenter</span> <span class='ocrx_word' id='word_1_233' title='bbox 1042 3775 1089 3848; x_wconf 80' lang='lat'>86</span> 
     </span>
    </p>
   </div>
   <div class='ocr_carea' id='block_1_3' title="bbox 0 0 1156 4304">
    <p class='ocr_par' dir='ltr' id='par_1_6' title="bbox 0 0 1156 4304">
     <span class='ocr_line' id='line_1_33' title="bbox 0 0 1156 4304; baseline 0 1"><span class='ocrx_word' id='word_1_234' title='bbox 0 0 1156 4304; x_wconf 95' lang='lat' dir='ltr'> </span> 
     </span>
    </p>
   </div>
  </div>
 </body>
</html>
