2302 4304
163 329 230 378 „2
376 254 880 378 Droiaroaa

123 503 125 508 ·
152 494 212 563 pro
225 471 355 561 pignore
373 471 509 562 putaris,
522 495 645 562 eamque
666 467 880 562 in'conspec'su
887 470 1110 563 populiRomi

157 579 322 646 concideris
333 604 348 659 ;
383 603 429 646 me
459 579 509 646 bis
543 579 725 671 pignoribus
750 577 911 673 existimas
933 577 1016 677 poffc
1046 604 1109 652 ter-

88 706 96 722 ·
156 683 241 758 reri?
269 713 333 754 non
358 689 415 756 tibi
439 691 495 756 illa
513 688 825 783 sunamitidem,
845 685 1036 788 fiCraffiim
1058 693 1108 762 vis

155 822 305 867 coercere:
331 799 402 866 ban
422 801 477 868 tibi
502 799 543 900 est
563 802 732 868 excidenda
753 800 863 892 lingua
882 825 901 867 :·
920 828 984 892 qua
1004 807 1055 872 vel
1076 830 1108 872 o-

66 903 80 936 *
153 910 262 1000 malfia,
278 909 396 1000 spiritu
422 910 489 999 ipfh
523 912 679 977 libidinem
705 930 792 978 tuam
818 912 942 979 libaertas
971 937 1039 981 mea
1062 938 1108 981 re·

111 1020 278 1108 2futabit.
317 1019 479 1089 Permulta
503 1034 572 1088 tum
597 1015 875 1089 vehementissima
893 1022 1108 1095 contentione

117 1161 129 1211 5
151 1130 270 1219 animi,
297 1128 438 1228 ingenii,
464 1129 605 1218 vitium,
634 1128 674 1199 ab
701 1152 744 1200 eo
771 1129 855 1201 dieta
879 1129 944 1201 esse
975 1133 1106 1219 consta-

151 1239 229 1323 bat;
264 1238 519 1335 sententiamque
556 1264 649 1323 eam,
676 1264 775 1335 quam
803 1238 928 1312 senatus
954 1241 1108 1341 frequens

150 1353 275 1426 secutus
301 1351 346 1423 est
372 1351 582 1424 ornatiffimis
608 1368 641 1422 et
672 1349 866 1447 gravissimis
898 1353 1023 1444 verbis,
1059 1361 1107 1427 Ut

143 1468 261 1559 populo
287 1467 434 1534 Romano
453 1465 636 1558 satisfieret,
665 1491 827 1558 nunquam
848 1467 983 1557 senatus
1012 1494 1107 1560 neque

147 1572 307 1672 confilium
345 1580 543 1668 reipublicae,
570 1603 664 1669 neque
683 1578 781 1665 fidem
808 1576 954 1677 defuiffi,
985 1580 1027 1650 ab
1063 1602 1107 1651 eo

147 1688 287 1763 didam:
322 1709 355 1762 et
386 1692 529 1764 eundem
568 1688 632 1786 (id
667 1691 759 1787 quod
792 1690 827 1761 in
860 1694 1106 1768 audoritatibus

109 1796 353 1895 spraescriptis
390 1796 522 1895 exstat)
541 1795 728 1869 'scribendo
761 1799 904 1873 adfuisse.
946 1802 1002 1874 Ilia
1032 1821 1105 1875 tan·

146 1930 248 2002 quam
280 1935 407 2006 cycnea
433 1908 496 1980 fuit
515 1906 622 1980 divini
650 1908 796 1980 hominis
822 1936 893 1982 vox
920 1929 953 1984 et
983 1915 1105 2005 oratio,

146 2036 248 2110 quam
274 2015 362 2112 quafi
393 2015 633 2111 exspedantes,
657 2014 731 2111 post
756 2010 825 2086 eius
847 2015 1017 2088 interitum
1047 2046 1104 2092 ve·

147 2123 317 2198 niebamus
352 2125 388 2196 in
417 2125 565 2212 curiam,
592 2141 628 2196 ut
659 2122 833 2221 vestigium
866 2123 945 2196 illud
978 2127 1105 2222 ipsum,

145 2233 183 2306 in
218 2262 288 2336 quo
321 2236 373 2309 ille
404 2234 608 2335 postremum
638 2232 818 2322 institisset,
854 2228 1103 2313 contueremur.

27 2370 31 2377 ·
145 2345 300 2446 Namque
323 2370 395 2421 tum
420 2348 510 2419 'latus
540 2345 571 2417 ei
601 2341 976 2430 dicentiscondoluisse‚
1001 2345 1103 2421 sudo-

145 2479 284 2556 remque
312 2460 452 2531 multum
483 2457 692 2530 consecutum
717 2455 781 2526 esse
803 2456 1032 2530 audiebamus:
1061 2485 1101 2531 ex

135 2565 217 2663 'quo
241 2595 317 2642 cum
343 2568 581 2656 commissu,
610 2595 686 2640 cum
717 2565 803 2638 febri
826 2567 964 2638 domum
989 2569 1102 2658 rediit,

110 2674 431 2772 7-diequeseptimo
458 2676 566 2749 lateris
603 2678 719 2750 dolore
746 2677 935 2749 consumtus
963 2677 1029 2750 est.
1068 2682 1099 2752 Ο

137 2783 296 2857 fallacem
327 2786 499 2858 hominum
532 2785 645 2883 spem,
676 2787 889 2884 fragilemque
913 2786 1098 2876 fortunam,

146 2911 181 2966 et
212 2894 321 2968 inanes
357 2893 495 2968 nostras*
521 2895 772 2968 contentiones!
806 2921 890 2993 quae
918 2897 952 2967 in
988 2903 1097 2974 medio

117 3003 119 3009 ’
146 3003 254 3104 spatio
278 3007 371 3107 saepe
396 3008 610 3105 franguntur,
634 3025 667 3079 et
691 3024 872 3097 corruunt,
895 3024 930 3085 et
954 3028 1043 3102 ante,
1065 3015 1095 3084 in

146 3117 220 3215 ipso
243 3120 361 3213 cursu,
380 3122 585 3209 obruuntur,
609 3146 709 3218 quam
742 3144 879 3218 portum
910 3124 1096 3221 conspicere

146 3247 338 3326 potuerunt.
373 3233 484 3321 Nam,
510 3232 665 3330 quamdiu
693 3232 796 3311 ,Crassi
824 3232 886 3306 fuit
910 3235 1095 3309 ambitionis

34 3356 52 3434 J
146 3337 259 3412 labore
285 3342 354 3415 vita
377 3341 533 3433 dimissa,
552 3344 677 3416 tamdiu
698 3343 835 3439 privatis
859 3345 963 3443 magis
981 3349 1095 3421 officiis

145 3464 180 3516 et
199 3443 320 3541 ingenii
339 3446 433 3520 laude
454 3447 586 3535 floruit,
612 3474 711 3546 quam
737 3448 845 3522 sruuu
864 3452 1094 3548 amplitudinis,

133 3571 202 3627 ⁴aut
223 3554 421 3652 reipublicae
443 3559 608 3656 dignitate.
634 3559 703 3650 Qui
726 3576 834 3631 autem
856 3561 887 3632 ei
910 3586 1014 3635 annus
1036 3563 1093 3661 pri·

146 3687 219 3736 mus
245 3664 286 3736 ab
316 3664 484 3738 honorum
516 3665 742 3763 perfunctione
769 3668 912 3758 aditum,
945 3669 1092 3743 omniun

145 3776 301 3854 concessu
324 3777 367 3852 ad
394 3776 554 3860 sununam
576 3780 800 3860 auctoritatem
825 3780 942 3879 dabat,
975 3781 1003 3859 is
1029 3783 1094 3861 eius
