2304 4304
403 303 700 416 tratur.
978 323 1022 400 55

72 485 175 534 terum
199 460 318 553 obire,
341 463 377 535 in
397 464 516 561 quibus
528 463 622 561 saepe
636 488 706 535 non
724 461 765 533 de
777 459 886 552 facto,
912 459 968 534 sed
981 461 1025 534 de
1069 534 1072 539 .

71 572 228 668 aequitate
251 597 290 645 ac
311 573 382 646 iure
397 591 559 659 certetur,
583 575 701 649 iaslare
719 570 751 642 se
772 572 809 645 in
822 571 922 644 causis
945 597 1024 643 cen·

70 682 296 756 tumviralibus
308 737 321 774 ,
357 685 524 782 inquibus
546 681 805 780 usucapionum,
834 683 1023 774 mtelatmn,

70 793 306 888 gentilitamm,
330 797 569 896 agnationum,
593 795 819 883 alluvionum,
849 794 1025 866 circumlu-

70 901 230 993 vionum,
256 930 446 996 nexorum,
471 905 735 1003 mancipiorum,
760 903 947 1000 parietum,
970 903 1024 976 lu-

69 1007 204 1098 mimun,
219 1007 475 1095 stillicidiorum,
500 1004 769 1117 testamentorum
780 1027 957 1105 ruptorum
970 1024 1025 1079 aut

68 1133 237 1203 rarorum,
262 1124 509 1217 ceterarumque
526 1145 640 1193 rerum·
655 1119 941 1192 innumerabilium
954 1119 1025 1190 iura

42 1254 44 1261 ’
67 1223 253 1317 versentur,
264 1224 516 1318 cun'onnino,
541 1230 622 1329 quid
638 1229 759 1320 suum,
783 1228 1024 1326 quidalienum,

67 1352 165 1424 quare
195 1333 337 1432 denique
354 1336 437 1411 civis
449 1356 505 1409 aut
525 1337 742 1436 peregrinm,
767 1338 880 1411 servus
905 1355 963 1409 aut
982 1335 1023 1407 li-

65 1438 121 1510 ber
133 1442 299 1539 quispiam
311 1444 372 1536 s1t,
391 1446 555 1544 ignoret,
577 1447 711 1546 infignis
731 1446 777 1520 est
789 1446 1022 1544 impudentiae.

62 1551 116 1624 Illa
131 1579 219 1630 vero
232 1557 411 1632 deridenda
423 1561 610 1658 arrogantia
623 1560 693 1651 est,
717 1561 1021 1634 inminoribusna-
1044 1584 1090 1634 17⁴

62 1667 163 1763 vigiis
179 1671 297 1743 rudem
314 1671 380 1745 effe
401 1673 433 1745 se
446 1673 626 1760 confiteri;
650 1674 929 1772 quinqueremeS,
966 1691 1022 1747 aut

60 1775 164 1846 etiarn
177 1778 344 1872 maiores,
370 1783 551 1879 gubernare
573 1783 731 1856 didiciffe.
778 1784 834 1854 Tu
846 1781 929 1853 mihi
946 1806 1023 1854 cum

58 1883 96 1954 in
110 1886 237 1962 circulo
252 1891 414 1988 decipiare
423 1895 602 1969 adversarii
614 1894 884 1993 stipulatiuncula,
899 1911 932 1968 et
945 1920 1021 1968 curn

60 1995 216 2095 obfignes
231 2001 366 2086 tabellas
390 2005 517 2081 clientis
542 2005 815 2106 tui,quihus1n
836 2004 962 2079 tabellis
987 2007 1023 2078 id

60 2104 101 2178 stt
120 2105 294 2207 scriptum,
318 2139 389 2218 quo
405 2115 458 2187 ille
471 2117 642 2213 capiatur3
667 2139 733 2213 ego
754 2113 816 2190 tibi
829 2112 927 2185 ullam
941 2139 1022 2186 cau

61 2214 132 2289 sam
144 2221 305 2296 maiorem
319 2226 591 2300 committendam
603 2226 744 2324 putem?
779 2223 875 2297 citius
889 2212 1024 2296 hercule

61 2329 100 2420 iS,
114 2331 175 2429 qui
196 2332 340 2406 duorum
355 2334 552 2414 scalmorum
567 2335 775 2429 naviculam
767 2361 803 2406 m
815 2351 918 2430 portu
926 2357 1023 2405 ever·

63 2441 165 2535 terit,
189 2441 226 2514 in
246 2446 379 2518 Euxino
405 2465 514 2543 ponto
532 2449 800 2543 Argonautarum
822 2468 942 2518 navem
960 2469 1024 2542 gu·

62 2554 221 2628 bernarit.
267 2557 361 2650 Quid
375 2557 390 2630 l
415 2556 445 2628 st
458 2581 500 2627 ne
512 2580 636 2652 parvae
649 2555 782 2654 quidem
796 2553 909 2650 causae
923 2553 1022 2646 sunt,
1042 2569 1083 2622 ¹75

63 2665 119 2735 sed
131 2664 228 2763 saepe
240 2667 415 2756 maximae,
440 2668 476 2739 in
490 2667 608 2766 quibus
621 2684 765 2742 certatur
777 2667 819 2759 de
831 2666 903 2738 iure
915 2665 1020 2751 civili;

63 2772 155 2867 quod
168 2774 302 2847 tandem
316 2801 356 2849 os
375 2775 421 2849 est
433 2775 517 2850 illius
529 2769 689 2874 patroni,
712 2777 771 2874 q'ui
786 2776 827 2848 ad
840 2799 893 2848 eas
911 2775 1022 2848 causas

61 2880 129 2952 fine
150 2883 213 2957 ulla
228 2883 363 2957 scientia
376 2887 455 2962 iuris
472 2888 570 2960 audet
591 2885 772 2960 accedere?
799 2888 895 2978 Quae
909 2886 1021 2981 potuit

59 2990 165 3086 igitur
176 2991 242 3064 esse
255 2992 350 3066 causa
368 2995 499 3086 maior,
524 3020 623 3092 quarn
649 2995 734 3067 illius
745 2991 877 3064 militis?
904 2993 945 3064 de
959 3019 1020 3066 cu-

59 3097 111 3168 ius
124 3116 247 3188 morte,
274 3125 352 3173 cum
378 3101 515 3174 domum
542 3100 638 3173 falsus
659 3101 708 3173 ab'
723 3102 873 3173 exercitu
889 3102 1023 3179 nuntius

60 3205 228 3296 veniffet,
253 3225 288 3279 et
299 3230 393 3305 pater
406 3211 487 3300 eius,
501 3235 537 3282 re
552 3209 688 3300 credita,
706 3209 934 3282 testamentum
947 3239 1023 3285 mu-

59 3316 182 3407 taffet,
205 3335 239 3390 et
262 3338 362 3414 quem
388 3319 539 3392 eivisum
564 3317 644 3390 esser
656 3373 668 3409 ‚
697 3317 823 3389 fecisset
843 3319 1025 3411 heredem,
1051 3397 1053 3402 ,

61 3426 208 3525 essetque
233 3427 301 3524 ipse
315 3448 486 3502 mortuus:
525 3453 578 3500 res
599 3427 703 3499 delata
715 3428 762 3500 est
774 3429 815 3501 ad
830 3432 1026 3504 centumvi-

60 3560 141 3624 τος,
165 3547 243 3607 curn
256 3537 351 3610 miles
372 3539 510 3609 domum
527 3536 725 3628 revenisset,
749 3536 926 3639 egissetque
948 3541 1024 3635 lege

59 3641 96 3712 in
109 3641 325 3715 hereditatem
339 3664 508 3741 paternam
517 3645 745 3743 [testamento
758 3650 895 3722 exheres
908 3647 1076 3755 filius]

58 3749 222 3851 Nempe
212 3780 248 3825 m
261 3777 299 3828 ea
314 3752 407 3829 causa
421 3753 600 3852 quaesttum
615 3754 662 3831 est
671 3756 737 3857 de
728 3781 800 3830 rure
813 3753 906 3830 civili
919 3805 931 3846 ,
945 3732 1037 3850 pos

777 3853 854 3945 Daw
