2302 4304
127 352 199 424 4η
447 313 834 399 ORATOR.

25 542 29 547 .
127 483 442 589 prehensionemque
460 479 638 579 pertimuit.
687 480 734 549 lta
750 492 784 548 et
800 470 1105 574 ‹tottiseloquena-

127 603 173 678 tia
189 597 378 700 popularis,
417 613 451 669 et
475 593 604 667 disertis
633 591 762 693 elegans
793 589 947 664 dourim
971 588 1079 665 defuit

87 711 272 799 4Posrtum
293 706 361 783 srt
352 707 451 806 rgittu
465 705 501 777 in
519 702 656 800 primis,
679 697 788 799 (quod
809 697 886 797 post
910 697 1017 796 magis
1033 698 1079 769 in-

34 818 314 921 ffttelligenu,
327 818 344 916 )
381 816 448 890 stne
483 812 694 923 philosophia
730 835 802 884 non
838 809 935 908 posse
979 810 1080 898 effici,

127 960 227 1036 quem
259 931 467 1058 quaerimus,
501 926 730 1023 eloquentem:
761 945 833 995 non
855 921 955 995 utin
976 944 1014 995 ea
1033 944 1079 996 ta·

126 1071 205 1119 men
233 1043 347 1116 omnia
368 1037 446 1129 suit,
471 1036 528 1110 sed
547 1055 585 1110 ut
609 1035 653 1108 src
678 1035 828 1124 adiuvet,
866 1057 904 1109 ut
925 1033 1078 1132 palaestra

125 1154 329 1228 histrionem.
348 1175 452 1248 parva
463 1148 552 1222 enim
571 1146 698 1245 magnis
710 1145 804 1242 saepe
818 1145 995 1218 reuiffime
1007 1170 1079 1217 con

124 1267 284 1341 feruntur
303 1290 381 1337 nam
402 1289 464 1337 nec
487 1263 598 1351 latius,
624 1285 685 1334 nec
709 1259 875 1356 copiofius
893 1261 938 1332 de
959 1258 1079 1357 magnis

123 1374 286 1471 variisque
315 1372 413 1444 rebus
443 1370 509 1443 stne
536 1316 745 1491 philosophia
770 1365 880 1465 potest
910 1366 1078 1490 qusquam

78 1481 242 1555 udicere
290 1477 458 1576 Siquidem
483 1475 584 1547 etiam
610 1477 645 1547 in
671 1476 820 1547 Phaedro
843 1462 993 1548 Platonis
1017 1475 1078 1546 hoc

13 1584 17 1591 ’
121 1588 279 1662 Periclem
301 1582 494 1683 praestitisse
513 1584 632 1656 ceteris
652 1583 734 1656 dicit
754 1585 947 1657 oratoribus
967 1585 1079 1656 Socra·

119 1714 186 1791 tes,
211 1698 334 1797 quod
325 1723 352 1770 rs
373 1687 590 1794 Anaxagorae
611 1693 738 1793 phyfici
764 1691 866 1765 suern
888 1693 1038 1780 auditor3
1061 1715 1078 1764 a

120 1835 191 1908 quo
211 1809 335 1898 censet,
360 1833 457 1895 eum,
482 1833 558 1881 ctun
581 1808 640 1880 alia
662 1806 827 1904 praeclara
850 1806 1030 1904 quaedam,
1048 1824 1080 1877 et

120 1916 507 2017 magnificadidicilset,
532 1919 667 1991 uberem
696 1933 730 1987 et
755 1913 938 1987 secundeum
970 1913 1077 2003 scrisse,

118 2050 321 2127 gnarumque
344 2027 458 2126 (quod
474 2025 521 2100 est
538 2025 743 2124 eloquentiae
761 2024 992 2125 maximum),
1007 2024 1078 2124 qui-

119 2136 181 2211 bus
198 2138 357 2211 orationis
375 2138 484 2210 modis
502 2162 652 2238 quaeque
672 2139 862 2213 animorum
885 2157 995 2235 partes
1014 2135 1079 2236 pel·

117 2247 271 2324 lerennu.
293 2249 386 2348 quod
404 2248 492 2331 idern
516 2249 558 2320 de
570 2246 796 2333 Demosthene
826 2248 1078 2347 existimaripo·

118 2355 201 2444 tell,
235 2357 328 2430 citius
353 2381 396 2428 ex
424 2353 568 2452 epistolis
599 2354 736 2452 intelligi
762 2356 860 2446 licet,
885 2379 984 2454 quam
1013 2357 1080 2429 fre·
1117 2406 1120 2419 ι

73 2479 103 2528 1⁶
117 2490 222 2562 quens
239 2463 339 2538 fuerit
359 2464 504 2537 Platonis
520 2463 662 2561 auditor.
711 2463 784 2534 Nec
806 2489 894 2538 vero
915 2464 983 2538 sine
1007 2465 1079 2562 phi·
1117 2438 1120 2559 l

116 2573 335 2669 losophorum
357 2574 543 2670 disciplina,
576 2600 677 2673 genus
697 2593 730 2646 et
752 2576 894 2672 speciem
923 2577 1078 2676 cuiusque
1118 2576 1120 2629 ἵ

116 2686 164 2756 rei
187 2709 341 2776 cernere,
366 2712 473 2784 neque
494 2714 567 2761 earn
588 2688 779 2762 definiendo
803 2692 998 2788 explicare,
1020 2718 1078 2768 nec

115 2795 258 2867 tribuere
281 2799 317 2869 in
344 2817 452 2895 partes
480 2801 676 2899 ¹possumus;
711 2829 773 2877 nec
802 2805 972 2894 iudicare,
997 2829 1076 2904 quae
1119 2858 1121 2865 -

115 2935 216 2999 vera,
241 2937 323 3012 quae
344 2913 420 2988 salsa
438 2915 521 3002 srnt;
546 2940 654 3012 neque
672 2939 807 2988 cernere
827 2917 1076 3014 consequentia,

114 3022 329 3120 repugnantia
342 3020 474 3115 videre,
498 3023 652 3120 ambigua
665 3022 871 3123 distinguere.
921 3027 1017 3119 Quid
1032 3026 1075 3100 di·

115 3151 188 3200 cam
212 3131 253 3204 de
277 3152 542 3219 natumnatum,
567 3132 660 3204 cuius
690 3133 840 3230 cognitio
861 3155 1019 3232 magnam
1037 3159 1075 3205 o·

113 3241 252 3314 rationis
282 3243 465 3342 suppeditat
490 3243 647 3342 copiam?
674 3246 724 3323 de
746 3246 840 3336 vita,
871 3247 912 3317 de
939 3247 1075 3332 officiis,

113 3350 155 3420 de
173 3351 314 3442 victine,
341 3356 382 3427 de
395 3353 571 3428 moribus?
597 3353 664 3427 sine
676 3355 780 3428 multa
798 3368 914 3428 earum
934 3355 1076 3451 ipsarum

77 3483 93 3556 5
114 3485 226 3533 rerum
245 3461 435 3560 disciplina,
460 3488 516 3542 aut
530 3468 616 3559 dici,
639 3491 695 3541 aut
715 3465 852 3566 intelligi
865 3464 998 3563 potest?
1025 3464 1073 3536 Ad

67 3571 171 3646 ¹7has
200 3567 273 3660 tot,
301 3575 470 3674 tantasque
496 3603 548 3652 res
575 3522 759 3650 adhibenda
785 3575 859 3649 sunt
880 3593 1075 3648 ornamenta

110 3676 376 3776 innumerabilia,
409 3711 494 3785 quae
519 3689 588 3762 sola
608 3708 681 3761 tum
703 3687 841 3786 quidem
859 3687 1074 3760 uadebantur

111 3791 153 3862 ab
171 3794 226 3883 iis,
265 3798 321 3892 qui
341 3798 474 3871 dicendi
504 3800 759 3873 numerabantur
781 3796 940 3898 magistri.
997 3799 1075 3891 Quo
