<?xml version="1.0" encoding="UTF-8"?>
<!DOCTYPE html PUBLIC "-//W3C//DTD XHTML 1.0 Transitional//EN"
    "http://www.w3.org/TR/xhtml1/DTD/xhtml1-transitional.dtd">
<html xmlns="http://www.w3.org/1999/xhtml" xml:lang="en" lang="en">
 <head>
  <title>
</title>
<meta http-equiv="Content-Type" content="text/html;charset=utf-8" />
  <meta name='ocr-system' content='tesseract 3.04.00' />
  <meta name='ocr-capabilities' content='ocr_page ocr_carea ocr_par ocr_line ocrx_word'/>
</head>
<body>
  <div class='ocr_page' id='page_1' title='image "./mtulliiciceroni00plutgoog_0295.png"; bbox 0 0 2302 4304; ppageno 0'>
   <div class='ocr_carea' id='block_1_1' title="bbox 126 271 757 377">
    <p class='ocr_par' dir='ltr' id='par_1_1' title="bbox 126 226 757 377">
     <span class='ocr_line' id='line_1_1' title="bbox 126 271 757 377; baseline -0.014 -19"><span class='ocrx_word' id='word_1_1' title='bbox 126 304 196 377; x_wconf 77' lang='lat'>294</span> <span class='ocrx_word' id='word_1_2' title='bbox 324 323 333 373; x_wconf 76' lang='grc'><strong><em>,</em></strong></span> <span class='ocrx_word' id='word_1_3' title='bbox 447 271 757 349; x_wconf 77' lang='lat' dir='ltr'>Brutus.</span> 
     </span>
    </p>
   </div>
   <div class='ocr_carea' id='block_1_2' title="bbox 118 414 1117 646">
    <p class='ocr_par' dir='ltr' id='par_1_2' title="bbox 118 414 1117 646">
     <span class='ocr_line' id='line_1_2' title="bbox 120 414 1074 614; baseline -0.009 -102"><span class='ocrx_word' id='word_1_4' title='bbox 120 414 309 539; x_wconf 78' lang='lat' dir='ltr'>moderati,</span> <span class='ocrx_word' id='word_1_5' title='bbox 335 457 434 534; x_wconf 85' lang='lat' dir='ltr'>atque</span> <span class='ocrx_word' id='word_1_6' title='bbox 447 433 585 526; x_wconf 25' lang='lat' dir='ltr'>,bonesti</span> <span class='ocrx_word' id='word_1_7' title='bbox 598 459 610 521; x_wconf 84' lang='lat'>3</span> <span class='ocrx_word' id='word_1_8' title='bbox 624 457 766 614; x_wconf 41' lang='lat' dir='ltr'>cunque</span> <span class='ocrx_word' id='word_1_9' title='bbox 784 429 851 529; x_wconf 90' lang='lat' dir='ltr'>ipsa</span> <span class='ocrx_word' id='word_1_10' title='bbox 876 431 990 505; x_wconf 77' lang='lat' dir='ltr'>oratio</span> <span class='ocrx_word' id='word_1_11' title='bbox 1014 433 1074 511; x_wconf 83' lang='lat' dir='ltr'>ianr</span> 
     </span>
     <span class='ocr_line' id='line_1_3' title="bbox 118 542 1117 646; baseline -0.02 -27"><span class='ocrx_word' id='word_1_12' title='bbox 118 545 231 620; x_wconf 85' lang='lat' dir='ltr'>nostra</span> <span class='ocrx_word' id='word_1_13' title='bbox 251 544 456 634; x_wconf 85' lang='lat' dir='ltr'>canesceret,</span> <span class='ocrx_word' id='word_1_14' title='bbox 482 543 681 640; x_wconf 83' lang='lat' dir='ltr'>haberetque</span> <span class='ocrx_word' id='word_1_15' title='bbox 721 566 798 615; x_wconf 87' lang='lat' dir='ltr'>uam</span> <span class='ocrx_word' id='word_1_16' title='bbox 818 542 985 638; x_wconf 85' lang='lat' dir='ltr'>quandam</span> <span class='ocrx_word' id='word_1_17' title='bbox 1007 569 1074 614; x_wconf 79' lang='lat' dir='ltr'>ma.</span> <span class='ocrx_word' id='word_1_18' title='bbox 1092 592 1117 646; x_wconf 61' lang='lat' dir='ltr'>A</span> 
     </span>
    </p>
   </div>
   <div class='ocr_carea' id='block_1_3' title="bbox 16 649 1118 3858">
    <p class='ocr_par' dir='ltr' id='par_1_3' title="bbox 16 649 1118 3828">
     <span class='ocr_line' id='line_1_4' title="bbox 119 649 1118 748; baseline -0.002 -25"><span class='ocrx_word' id='word_1_19' title='bbox 119 653 308 742; x_wconf 72' lang='lat' dir='ltr'>turbarem,</span> <span class='ocrx_word' id='word_1_20' title='bbox 329 668 362 723; x_wconf 90' lang='lat' dir='ltr'>et</span> <span class='ocrx_word' id='word_1_21' title='bbox 389 650 477 748; x_wconf 88' lang='lat' dir='ltr'>quast</span> <span class='ocrx_word' id='word_1_22' title='bbox 500 651 719 734; x_wconf 65' lang='lat' dir='ltr'>senectutem</span> <span class='ocrx_word' id='word_1_23' title='bbox 735 666 806 720; x_wconf 87' lang='lat' dir='ltr'>tum</span> <span class='ocrx_word' id='word_1_24' title='bbox 833 674 926 726; x_wconf 87' lang='lat' dir='ltr'>arma</span> <span class='ocrx_word' id='word_1_25' title='bbox 943 649 1017 729; x_wconf 87' lang='lat' dir='ltr'>sunt</span> <span class='ocrx_word' id='word_1_26' title='bbox 1041 676 1091 722; x_wconf 88' lang='lat' dir='ltr'>ea·</span> <span class='ocrx_word' id='word_1_27' title='bbox 1115 707 1118 721; x_wconf 27' lang='lat' dir='ltr'>a</span> 
     </span>
     <span class='ocr_line' id='line_1_5' title="bbox 56 759 1074 861; baseline -0.001 -25"><span class='ocrx_word' id='word_1_28' title='bbox 56 804 60 817; x_wconf 72' lang='lat'>,</span> <span class='ocrx_word' id='word_1_29' title='bbox 119 763 249 854; x_wconf 88' lang='lat' dir='ltr'>sumta,</span> <span class='ocrx_word' id='word_1_30' title='bbox 267 763 384 861; x_wconf 87' lang='lat' dir='ltr'>quibus</span> <span class='ocrx_word' id='word_1_31' title='bbox 406 762 453 834; x_wconf 92' lang='lat' dir='ltr'>illi</span> <span class='ocrx_word' id='word_1_32' title='bbox 481 761 565 857; x_wconf 87' lang='lat' dir='ltr'>ipst,</span> <span class='ocrx_word' id='word_1_33' title='bbox 587 760 645 858; x_wconf 92' lang='lat' dir='ltr'>qui</span> <span class='ocrx_word' id='word_1_34' title='bbox 668 759 847 836; x_wconf 85' lang='lat' dir='ltr'>didicerant</span> <span class='ocrx_word' id='word_1_35' title='bbox 866 759 913 838; x_wconf 85' lang='lat' dir='ltr'>eis</span> <span class='ocrx_word' id='word_1_36' title='bbox 940 761 989 839; x_wconf 90' lang='lat' dir='ltr'>uti</span> <span class='ocrx_word' id='word_1_37' title='bbox 1005 762 1074 861; x_wconf 78' lang='lat' dir='ltr'>glo-</span> 
     </span>
     <span class='ocr_line' id='line_1_6' title="bbox 119 866 1074 974; baseline 0.001 -31"><span class='ocrx_word' id='word_1_38' title='bbox 119 871 229 958; x_wconf 88' lang='lat' dir='ltr'>riose,</span> <span class='ocrx_word' id='word_1_39' title='bbox 252 869 533 968; x_wconf 83' lang='lat' dir='ltr'>quemadmodum</span> <span class='ocrx_word' id='word_1_40' title='bbox 569 866 747 974; x_wconf 74' lang='lat' dir='ltr'>salutariter</span> <span class='ocrx_word' id='word_1_41' title='bbox 785 888 985 961; x_wconf 87' lang='lat' dir='ltr'>uterentur,</span> <span class='ocrx_word' id='word_1_42' title='bbox 1009 897 1074 947; x_wconf 89' lang='lat' dir='ltr'>non</span> 
     </span>
     <span class='ocr_line' id='line_1_7' title="bbox 85 976 1118 1078; baseline -0.002 -26"><span class='ocrx_word' id='word_1_43' title='bbox 85 979 336 1078; x_wconf 73' lang='lat' dir='ltr'>ereperiebant</span> <span class='ocrx_word' id='word_1_44' title='bbox 364 981 475 1076; x_wconf 89' lang='lat' dir='ltr'>ltaque</span> <span class='ocrx_word' id='word_1_45' title='bbox 494 978 518 1055; x_wconf 86' lang='lat' dir='ltr'>ii</span> <span class='ocrx_word' id='word_1_46' title='bbox 539 978 622 1055; x_wconf 86' lang='lat' dir='ltr'>mihi</span> <span class='ocrx_word' id='word_1_47' title='bbox 638 977 794 1055; x_wconf 79' lang='lat' dir='ltr'>videnutr</span> <span class='ocrx_word' id='word_1_48' title='bbox 815 976 982 1052; x_wconf 78' lang='lat' dir='ltr'>fortunate</span> <span class='ocrx_word' id='word_1_49' title='bbox 1004 981 1073 1052; x_wconf 88' lang='lat' dir='ltr'>bea·</span> <span class='ocrx_word' id='word_1_50' title='bbox 1116 1007 1118 1012; x_wconf 95' lang='lat'>·</span> 
     </span>
     <span class='ocr_line' id='line_1_8' title="bbox 120 1087 1072 1188; baseline 0.002 -25"><span class='ocrx_word' id='word_1_51' title='bbox 120 1112 220 1188; x_wconf 90' lang='lat' dir='ltr'>teque</span> <span class='ocrx_word' id='word_1_52' title='bbox 253 1087 399 1179; x_wconf 82' lang='lat' dir='ltr'>vixisse,</span> <span class='ocrx_word' id='word_1_53' title='bbox 431 1114 508 1163; x_wconf 86' lang='lat' dir='ltr'>cunt</span> <span class='ocrx_word' id='word_1_54' title='bbox 547 1089 582 1160; x_wconf 91' lang='lat' dir='ltr'>in</span> <span class='ocrx_word' id='word_1_55' title='bbox 615 1088 730 1163; x_wconf 87' lang='lat' dir='ltr'>ceteris</span> <span class='ocrx_word' id='word_1_56' title='bbox 768 1087 982 1180; x_wconf 88' lang='lat' dir='ltr'>civitatibus,</span> <span class='ocrx_word' id='word_1_57' title='bbox 1008 1109 1072 1165; x_wconf 86' lang='lat' dir='ltr'>tum</span> 
     </span>
     <span class='ocr_line' id='line_1_9' title="bbox 120 1199 1094 1297; baseline -0.003 -22"><span class='ocrx_word' id='word_1_58' title='bbox 120 1202 263 1276; x_wconf 87' lang='lat' dir='ltr'>maxime</span> <span class='ocrx_word' id='word_1_59' title='bbox 283 1201 318 1272; x_wconf 92' lang='lat' dir='ltr'>in</span> <span class='ocrx_word' id='word_1_60' title='bbox 331 1200 466 1292; x_wconf 85' lang='lat' dir='ltr'>nostra,</span> <span class='ocrx_word' id='word_1_61' title='bbox 488 1199 698 1297; x_wconf 87' lang='lat' dir='ltr'>quibuscum</span> <span class='ocrx_word' id='word_1_62' title='bbox 719 1200 937 1286; x_wconf 56' lang='lat' dir='ltr'>autoritate,</span> <span class='ocrx_word' id='word_1_63' title='bbox 955 1225 1094 1272; x_wconf 73' lang='lat' dir='ltr'>retum,</span> 
     </span>
     <span class='ocr_line' id='line_1_10' title="bbox 119 1306 1099 1407; baseline 0.004 -30"><span class='ocrx_word' id='word_1_64' title='bbox 119 1332 187 1403; x_wconf 91' lang='lat' dir='ltr'>que</span> <span class='ocrx_word' id='word_1_65' title='bbox 212 1307 374 1404; x_wconf 82' lang='lat' dir='ltr'>gestarum</span> <span class='ocrx_word' id='word_1_66' title='bbox 400 1308 534 1405; x_wconf 83' lang='lat' dir='ltr'>gloria,</span> <span class='ocrx_word' id='word_1_67' title='bbox 561 1327 633 1380; x_wconf 90' lang='lat' dir='ltr'>tum</span> <span class='ocrx_word' id='word_1_68' title='bbox 657 1306 756 1379; x_wconf 90' lang='lat' dir='ltr'>etiam</span> <span class='ocrx_word' id='word_1_69' title='bbox 780 1306 959 1407; x_wconf 85' lang='lat' dir='ltr'>sapientiae</span> <span class='ocrx_word' id='word_1_70' title='bbox 988 1309 1099 1389; x_wconf 84' lang='lat' dir='ltr'>laude&#39;</span> 
     </span>
     <span class='ocr_line' id='line_1_11' title="bbox 120 1413 1072 1516; baseline 0.009 -30"><span class='ocrx_word' id='word_1_71' title='bbox 120 1413 248 1511; x_wconf 89' lang='lat' dir='ltr'>perfrui</span> <span class='ocrx_word' id='word_1_72' title='bbox 273 1417 374 1492; x_wconf 87' lang='lat' dir='ltr'>licuit.</span> <span class='ocrx_word' id='word_1_73' title='bbox 398 1442 543 1516; x_wconf 89' lang='lat' dir='ltr'>quorum</span> <span class='ocrx_word' id='word_1_74' title='bbox 572 1417 756 1509; x_wconf 88' lang='lat' dir='ltr'>memoria,</span> <span class='ocrx_word' id='word_1_75' title='bbox 783 1437 816 1491; x_wconf 90' lang='lat' dir='ltr'>et</span> <span class='ocrx_word' id='word_1_76' title='bbox 835 1419 1072 1498; x_wconf 85' lang='lat' dir='ltr'>recordatioin</span> 
     </span>
     <span class='ocr_line' id='line_1_12' title="bbox 120 1528 1099 1631; baseline 0.005 -30"><span class='ocrx_word' id='word_1_77' title='bbox 120 1528 275 1602; x_wconf 81' lang='lat' dir='ltr'>maximis</span> <span class='ocrx_word' id='word_1_78' title='bbox 299 1530 418 1603; x_wconf 88' lang='lat' dir='ltr'>nostris</span> <span class='ocrx_word' id='word_1_79' title='bbox 440 1530 697 1631; x_wconf 84' lang='lat' dir='ltr'>gravissunisque</span> <span class='ocrx_word' id='word_1_80' title='bbox 725 1531 811 1604; x_wconf 81' lang='lat' dir='ltr'>curis</span> <span class='ocrx_word' id='word_1_81' title='bbox 839 1532 984 1607; x_wconf 87' lang='lat' dir='ltr'>iucunda</span> <span class='ocrx_word' id='word_1_82' title='bbox 1007 1531 1099 1606; x_wconf 63' lang='lat' dir='ltr'>sane»</span> 
     </span>
     <span class='ocr_line' id='line_1_13' title="bbox 94 1635 1072 1748; baseline 0.006 -40"><span class='ocrx_word' id='word_1_83' title='bbox 94 1635 210 1727; x_wconf 77' lang='lat' dir='ltr'>suit,</span> <span class='ocrx_word' id='word_1_84' title='bbox 224 1665 301 1711; x_wconf 89' lang='lat' dir='ltr'>cum</span> <span class='ocrx_word' id='word_1_85' title='bbox 326 1640 362 1711; x_wconf 94' lang='lat' dir='ltr'>in</span> <span class='ocrx_word' id='word_1_86' title='bbox 388 1665 461 1720; x_wconf 89' lang='lat' dir='ltr'>eam</span> <span class='ocrx_word' id='word_1_87' title='bbox 488 1665 594 1744; x_wconf 85' lang='lat' dir='ltr'>nuper</span> <span class='ocrx_word' id='word_1_88' title='bbox 620 1665 662 1718; x_wconf 86' lang='lat' dir='ltr'>ex</span> <span class='ocrx_word' id='word_1_89' title='bbox 685 1638 834 1721; x_wconf 88' lang='lat' dir='ltr'>sermone</span> <span class='ocrx_word' id='word_1_90' title='bbox 854 1639 1033 1748; x_wconf 78' lang='lat' dir='ltr'>quodam</span> <span class='ocrx_word' id='word_1_91' title='bbox 1025 1667 1072 1714; x_wconf 84' lang='lat' dir='ltr'>ru</span> 
     </span>
     <span class='ocr_line' id='line_1_14' title="bbox 122 1692 319 1830; baseline 0.021 -10"><span class='ocrx_word' id='word_1_92' title='bbox 122 1692 319 1830; x_wconf 81' lang='lat' dir='ltr'>cidissemus</span> 
     </span>
     <span class='ocr_line' id='line_1_15' title="bbox 79 1859 1071 1960; baseline 0.001 -29"><span class='ocrx_word' id='word_1_93' title='bbox 79 1878 98 1950; x_wconf 80' lang='lat'>3</span> <span class='ocrx_word' id='word_1_94' title='bbox 170 1861 259 1935; x_wconf 89' lang='lat' dir='ltr'>Nant</span> <span class='ocrx_word' id='word_1_95' title='bbox 298 1887 375 1935; x_wconf 89' lang='lat' dir='ltr'>cum</span> <span class='ocrx_word' id='word_1_96' title='bbox 398 1862 684 1936; x_wconf 88' lang='lat' dir='ltr'>inambularem</span> <span class='ocrx_word' id='word_1_97' title='bbox 674 1888 710 1933; x_wconf 86' lang='lat' dir='ltr'>tn</span> <span class='ocrx_word' id='word_1_98' title='bbox 741 1859 878 1960; x_wconf 83' lang='lat' dir='ltr'>xysto,</span> <span class='ocrx_word' id='word_1_99' title='bbox 914 1878 949 1934; x_wconf 91' lang='lat' dir='ltr'>et</span> <span class='ocrx_word' id='word_1_100' title='bbox 981 1859 1071 1934; x_wconf 89' lang='lat' dir='ltr'>essem</span> 
     </span>
     <span class='ocr_line' id='line_1_16' title="bbox 72 1958 1072 2066; baseline 0.003 -23"><span class='ocrx_word' id='word_1_101' title='bbox 72 1993 102 2043; x_wconf 79' lang='lat' dir='ltr'>to</span> <span class='ocrx_word' id='word_1_102' title='bbox 122 1969 247 2043; x_wconf 89' lang='lat' dir='ltr'>otiosus</span> <span class='ocrx_word' id='word_1_103' title='bbox 264 1958 382 2062; x_wconf 78' lang='lat' dir='ltr'>domi,</span> <span class='ocrx_word' id='word_1_104' title='bbox 405 1975 453 2049; x_wconf 86' lang='lat' dir='ltr'>M.</span> <span class='ocrx_word' id='word_1_105' title='bbox 481 1972 522 2045; x_wconf 91' lang='lat' dir='ltr'>ad</span> <span class='ocrx_word' id='word_1_106' title='bbox 546 1998 600 2044; x_wconf 89' lang='lat' dir='ltr'>me</span> <span class='ocrx_word' id='word_1_107' title='bbox 621 1976 758 2066; x_wconf 84' lang='lat' dir='ltr'>Brutus,</span> <span class='ocrx_word' id='word_1_108' title='bbox 780 1993 817 2047; x_wconf 93' lang='lat' dir='ltr'>ut</span> <span class='ocrx_word' id='word_1_109' title='bbox 842 1973 1072 2064; x_wconf 84' lang='lat' dir='ltr'>consueverat,</span> 
     </span>
     <span class='ocr_line' id='line_1_17' title="bbox 22 2029 1071 2178; baseline 0 -24"><span class='ocrx_word' id='word_1_110' title='bbox 22 2096 27 2103; x_wconf 77' lang='grc'><strong>“</strong></span> <span class='ocrx_word' id='word_1_111' title='bbox 120 2082 266 2154; x_wconf 89' lang='lat' dir='ltr'>cumT.</span> <span class='ocrx_word' id='word_1_112' title='bbox 296 2081 487 2178; x_wconf 88' lang='lat' dir='ltr'>Pomponio</span> <span class='ocrx_word' id='word_1_113' title='bbox 521 2099 684 2170; x_wconf 84' lang='lat' dir='ltr'>venerat,</span> <span class='ocrx_word' id='word_1_114' title='bbox 702 2029 853 2155; x_wconf 82' lang='lat' dir='ltr'>hoinines</span> <span class='ocrx_word' id='word_1_115' title='bbox 888 2107 966 2154; x_wconf 89' lang='lat' dir='ltr'>cum</span> <span class='ocrx_word' id='word_1_116' title='bbox 996 2081 1071 2154; x_wconf 86' lang='lat' dir='ltr'>inter</span> 
     </span>
     <span class='ocr_line' id='line_1_18' title="bbox 120 2190 1072 2289; baseline -0.004 -25"><span class='ocrx_word' id='word_1_117' title='bbox 120 2191 154 2265; x_wconf 88' lang='lat' dir='ltr'>se</span> <span class='ocrx_word' id='word_1_118' title='bbox 175 2191 367 2280; x_wconf 75' lang='lat' dir='ltr'>coniuncti,</span> <span class='ocrx_word' id='word_1_119' title='bbox 387 2208 457 2269; x_wconf 88' lang='lat' dir='ltr'>tum</span> <span class='ocrx_word' id='word_1_120' title='bbox 484 2190 567 2263; x_wconf 91' lang='lat' dir='ltr'>mihi</span> <span class='ocrx_word' id='word_1_121' title='bbox 590 2190 635 2261; x_wconf 89' lang='lat' dir='ltr'>ita</span> <span class='ocrx_word' id='word_1_122' title='bbox 652 2191 739 2279; x_wconf 89' lang='lat' dir='ltr'>cari,</span> <span class='ocrx_word' id='word_1_123' title='bbox 756 2191 865 2289; x_wconf 86' lang='lat' dir='ltr'>itaque</span> <span class='ocrx_word' id='word_1_124' title='bbox 879 2191 1072 2280; x_wconf 89' lang='lat' dir='ltr'>iucundi‚ut</span> 
     </span>
     <span class='ocr_line' id='line_1_19' title="bbox 25 2298 1071 2404; baseline -0.005 -30"><span class='ocrx_word' id='word_1_125' title='bbox 25 2348 32 2362; x_wconf 60' lang='grc' dir='ltr'><em>ι</em></span> <span class='ocrx_word' id='word_1_126' title='bbox 120 2327 239 2374; x_wconf 89' lang='lat' dir='ltr'>eorum</span> <span class='ocrx_word' id='word_1_127' title='bbox 264 2301 416 2394; x_wconf 73' lang='lat' dir='ltr'>adspesiu</span> <span class='ocrx_word' id='word_1_128' title='bbox 441 2300 572 2392; x_wconf 77' lang='lat' dir='ltr'>omnis,</span> <span class='ocrx_word' id='word_1_129' title='bbox 589 2326 674 2396; x_wconf 87' lang='lat' dir='ltr'>quae</span> <span class='ocrx_word' id='word_1_130' title='bbox 702 2327 756 2404; x_wconf 82' lang='lat' dir='ltr'>me</span> <span class='ocrx_word' id='word_1_131' title='bbox 782 2301 923 2398; x_wconf 85' lang='lat' dir='ltr'>angebat</span> <span class='ocrx_word' id='word_1_132' title='bbox 957 2298 998 2371; x_wconf 90' lang='lat' dir='ltr'>de</span> <span class='ocrx_word' id='word_1_133' title='bbox 1020 2323 1071 2373; x_wconf 84' lang='lat' dir='ltr'>.re·.</span> 
     </span>
     <span class='ocr_line' id='line_1_20' title="bbox 110 2407 1072 2507; baseline 0 -26"><span class='ocrx_word' id='word_1_134' title='bbox 110 2409 270 2507; x_wconf 84' lang='lat' dir='ltr'>¹publica,</span> <span class='ocrx_word' id='word_1_135' title='bbox 293 2433 371 2481; x_wconf 89' lang='lat' dir='ltr'>cura</span> <span class='ocrx_word' id='word_1_136' title='bbox 394 2407 586 2484; x_wconf 83' lang='lat' dir='ltr'>consederit.</span> <span class='ocrx_word' id='word_1_137' title='bbox 601 2410 697 2501; x_wconf 87' lang='lat' dir='ltr'>Quos</span> <span class='ocrx_word' id='word_1_138' title='bbox 715 2408 889 2506; x_wconf 72' lang='lat' dir='ltr'>postquam.</span> <span class='ocrx_word' id='word_1_139' title='bbox 919 2407 1072 2497; x_wconf 89' lang='lat' dir='ltr'>salutavi,</span> 
     </span>
     <span class='ocr_line' id='line_1_21' title="bbox 120 2513 1072 2613; baseline 0 -24"><span class='ocrx_word' id='word_1_140' title='bbox 120 2517 213 2610; x_wconf 90' lang='lat' dir='ltr'>Quid</span> <span class='ocrx_word' id='word_1_141' title='bbox 233 2541 317 2604; x_wconf 74' lang='lat' dir='ltr'>vos,</span> <span class='ocrx_word' id='word_1_142' title='bbox 339 2518 499 2613; x_wconf 84' lang='lat' dir='ltr'>inquam,</span> <span class='ocrx_word' id='word_1_143' title='bbox 521 2518 619 2588; x_wconf 88' lang='lat' dir='ltr'>Brute</span> <span class='ocrx_word' id='word_1_144' title='bbox 645 2539 678 2588; x_wconf 90' lang='lat' dir='ltr'>et</span> <span class='ocrx_word' id='word_1_145' title='bbox 694 2517 829 2605; x_wconf 85' lang='lat' dir='ltr'>Attice,</span> <span class='ocrx_word' id='word_1_146' title='bbox 847 2541 936 2590; x_wconf 86' lang='lat' dir='ltr'>nunc</span> <span class='ocrx_word' id='word_1_147' title='bbox 958 2515 973 2591; x_wconf 75' lang='lat' dir='ltr'>i</span> <span class='ocrx_word' id='word_1_148' title='bbox 999 2513 1072 2612; x_wconf 83' lang='lat' dir='ltr'>quid</span> 
     </span>
     <span class='ocr_line' id='line_1_22' title="bbox 37 2623 1074 2725; baseline 0.001 -23"><span class='ocrx_word' id='word_1_149' title='bbox 37 2634 43 2641; x_wconf 66' lang='grc'><strong>“</strong></span> <span class='ocrx_word' id='word_1_150' title='bbox 120 2628 253 2701; x_wconf 84' lang='lat' dir='ltr'>tandem</span> <span class='ocrx_word' id='word_1_151' title='bbox 281 2627 364 2700; x_wconf 90' lang='lat' dir='ltr'>novi</span> <span class='ocrx_word' id='word_1_152' title='bbox 380 2627 394 2698; x_wconf 79' lang='lat' dir='ltr'>i</span> <span class='ocrx_word' id='word_1_153' title='bbox 410 2627 503 2700; x_wconf 87' lang='lat' dir='ltr'>Nihil</span> <span class='ocrx_word' id='word_1_154' title='bbox 535 2625 637 2716; x_wconf 88' lang='lat' dir='ltr'>sane,</span> <span class='ocrx_word' id='word_1_155' title='bbox 662 2627 769 2725; x_wconf 89' lang='lat' dir='ltr'>inquit</span> <span class='ocrx_word' id='word_1_156' title='bbox 805 2629 952 2716; x_wconf 85' lang='lat' dir='ltr'>Bruurs‚</span> <span class='ocrx_word' id='word_1_157' title='bbox 988 2623 1074 2724; x_wconf 84' lang='lat' dir='ltr'>quod</span> 
     </span>
     <span class='ocr_line' id='line_1_23' title="bbox 31 2736 1118 2834; baseline -0.005 -23"><span class='ocrx_word' id='word_1_158' title='bbox 31 2741 33 2744; x_wconf 70' lang='grc'>’</span> <span class='ocrx_word' id='word_1_159' title='bbox 118 2737 254 2834; x_wconf 64' lang='lat' dir='ltr'>quidem</span> <span class='ocrx_word' id='word_1_160' title='bbox 279 2755 336 2808; x_wconf 89' lang='lat' dir='ltr'>aut</span> <span class='ocrx_word' id='word_1_161' title='bbox 361 2758 398 2809; x_wconf 92' lang='lat' dir='ltr'>tu</span> <span class='ocrx_word' id='word_1_162' title='bbox 424 2738 537 2810; x_wconf 88' lang='lat' dir='ltr'>audire</span> <span class='ocrx_word' id='word_1_163' title='bbox 560 2737 660 2828; x_wconf 84' lang='lat' dir='ltr'>velis,</span> <span class='ocrx_word' id='word_1_164' title='bbox 678 2757 734 2810; x_wconf 90' lang='lat' dir='ltr'>aut</span> <span class='ocrx_word' id='word_1_165' title='bbox 750 2763 815 2834; x_wconf 84' lang='lat' dir='ltr'>ego</span> <span class='ocrx_word' id='word_1_166' title='bbox 839 2762 903 2833; x_wconf 92' lang='lat' dir='ltr'>pto</span> <span class='ocrx_word' id='word_1_167' title='bbox 920 2754 1014 2809; x_wconf 87' lang='lat' dir='ltr'>ceno</span> <span class='ocrx_word' id='word_1_168' title='bbox 1031 2736 1074 2806; x_wconf 77' lang='lat' dir='ltr'>di·</span> <span class='ocrx_word' id='word_1_169' title='bbox 1116 2787 1118 2833; x_wconf 62' lang='lat'>3</span> 
     </span>
     <span class='ocr_line' id='line_1_24' title="bbox 26 2836 1118 2947; baseline 0.005 -26"><span class='ocrx_word' id='word_1_170' title='bbox 26 2836 28 2840; x_wconf 34' lang='lat'>⁸</span> <span class='ocrx_word' id='word_1_171' title='bbox 68 2874 98 2921; x_wconf 79' lang='lat' dir='ltr'>rt</span> <span class='ocrx_word' id='word_1_172' title='bbox 112 2872 193 2933; x_wconf 83' lang='lat' dir='ltr'>cere</span> <span class='ocrx_word' id='word_1_173' title='bbox 227 2848 374 2921; x_wconf 88' lang='lat' dir='ltr'>audeam.</span> <span class='ocrx_word' id='word_1_174' title='bbox 405 2852 495 2922; x_wconf 92' lang='lat' dir='ltr'>Tum</span> <span class='ocrx_word' id='word_1_175' title='bbox 528 2853 677 2941; x_wconf 86' lang='lat' dir='ltr'>Atticus,</span> <span class='ocrx_word' id='word_1_176' title='bbox 704 2855 779 2939; x_wconf 86' lang='lat' dir='ltr'>Eo,</span> <span class='ocrx_word' id='word_1_177' title='bbox 796 2849 931 2947; x_wconf 71' lang='lat' dir='ltr'>inquit,</span> <span class='ocrx_word' id='word_1_178' title='bbox 972 2851 1012 2921; x_wconf 85' lang='lat' dir='ltr'>ad</span> <span class='ocrx_word' id='word_1_179' title='bbox 1044 2866 1074 2926; x_wconf 81' lang='lat' dir='ltr'>te</span> <span class='ocrx_word' id='word_1_180' title='bbox 1116 2846 1118 2855; x_wconf 75' lang='grc'><strong>’</strong></span> 
     </span>
     <span class='ocr_line' id='line_1_25' title="bbox 118 2955 1073 3053; baseline 0.001 -24"><span class='ocrx_word' id='word_1_181' title='bbox 118 2955 232 3029; x_wconf 90' lang='lat' dir='ltr'>animo</span> <span class='ocrx_word' id='word_1_182' title='bbox 251 2956 423 3046; x_wconf 74' lang='lat' dir='ltr'>venimu3‚</span> <span class='ocrx_word' id='word_1_183' title='bbox 442 2975 478 3028; x_wconf 92' lang='lat' dir='ltr'>ut</span> <span class='ocrx_word' id='word_1_184' title='bbox 497 2957 538 3027; x_wconf 89' lang='lat' dir='ltr'>de</span> <span class='ocrx_word' id='word_1_185' title='bbox 560 2959 731 3053; x_wconf 81' lang='lat' dir='ltr'>republica</span> <span class='ocrx_word' id='word_1_186' title='bbox 754 2958 835 3036; x_wconf 84' lang='lat' dir='ltr'>effer</span> <span class='ocrx_word' id='word_1_187' title='bbox 850 2958 1073 3049; x_wconf 79' lang='lat' dir='ltr'>sdentittm‚et</span> 
     </span>
     <span class='ocr_line' id='line_1_26' title="bbox 16 3048 1074 3169; baseline -0.005 -29"><span class='ocrx_word' id='word_1_188' title='bbox 16 3064 17 3069; x_wconf 61' lang='grc'>’</span> <span class='ocrx_word' id='word_1_189' title='bbox 117 3048 243 3166; x_wconf 79' lang='lat' dir='ltr'>aliquid</span> <span class='ocrx_word' id='word_1_190' title='bbox 267 3067 453 3142; x_wconf 85' lang='lat' dir='ltr'>audiremus</span> <span class='ocrx_word' id='word_1_191' title='bbox 473 3066 583 3160; x_wconf 86' lang='lat' dir='ltr'>potius</span> <span class='ocrx_word' id='word_1_192' title='bbox 604 3091 646 3138; x_wconf 84' lang='lat' dir='ltr'>ex</span> <span class='ocrx_word' id='word_1_193' title='bbox 672 3092 728 3158; x_wconf 87' lang='lat' dir='ltr'>te,</span> <span class='ocrx_word' id='word_1_194' title='bbox 759 3092 860 3169; x_wconf 88' lang='lat' dir='ltr'>quam</span> <span class='ocrx_word' id='word_1_195' title='bbox 886 3088 920 3139; x_wconf 91' lang='lat' dir='ltr'>te</span> <span class='ocrx_word' id='word_1_196' title='bbox 943 3067 1074 3138; x_wconf 79' lang='lat' dir='ltr'>afficere·</span> 
     </span>
     <span class='ocr_line' id='line_1_27' title="bbox 118 3173 1073 3274; baseline -0.004 -21.273"><span class='ocrx_word' id='word_1_197' title='bbox 118 3203 191 3251; x_wconf 90' lang='lat' dir='ltr'>mus</span> <span class='ocrx_word' id='word_1_198' title='bbox 217 3177 281 3273; x_wconf 85' lang='lat' dir='ltr'>ulla</span> <span class='ocrx_word' id='word_1_199' title='bbox 307 3173 464 3250; x_wconf 83' lang='lat' dir='ltr'>molestia.</span> <span class='ocrx_word' id='word_1_200' title='bbox 488 3178 561 3248; x_wconf 89' lang='lat' dir='ltr'>Vos</span> <span class='ocrx_word' id='word_1_201' title='bbox 586 3201 670 3250; x_wconf 85' lang='lat' dir='ltr'>vero</span> <span class='ocrx_word' id='word_1_202' title='bbox 679 3176 872 3274; x_wconf 86' lang='lat' dir='ltr'>,inquam,</span> <span class='ocrx_word' id='word_1_203' title='bbox 899 3175 1029 3271; x_wconf 84' lang='lat' dir='ltr'>Attice,</span> <span class='ocrx_word' id='word_1_204' title='bbox 1044 3196 1073 3249; x_wconf 94' lang='lat' dir='ltr'>et</span> 
     </span>
     <span class='ocr_line' id='line_1_28' title="bbox 118 3268 1073 3387; baseline -0.002 -26"><span class='ocrx_word' id='word_1_205' title='bbox 118 3268 322 3387; x_wconf 88' lang='lat' dir='ltr'>praesentem</span> <span class='ocrx_word' id='word_1_206' title='bbox 354 3312 408 3358; x_wconf 87' lang='lat' dir='ltr'>me</span> <span class='ocrx_word' id='word_1_207' title='bbox 436 3312 514 3359; x_wconf 89' lang='lat' dir='ltr'>cura</span> <span class='ocrx_word' id='word_1_208' title='bbox 548 3287 696 3378; x_wconf 83' lang='lat' dir='ltr'>levatis,</span> <span class='ocrx_word' id='word_1_209' title='bbox 728 3306 761 3359; x_wconf 90' lang='lat' dir='ltr'>et</span> <span class='ocrx_word' id='word_1_210' title='bbox 801 3287 925 3363; x_wconf 88' lang='lat' dir='ltr'>absenti</span> <span class='ocrx_word' id='word_1_211' title='bbox 963 3311 1073 3386; x_wconf 86' lang='lat' dir='ltr'>magna</span> 
     </span>
     <span class='ocr_line' id='line_1_29' title="bbox 117 3399 1073 3498; baseline -0.006 -20"><span class='ocrx_word' id='word_1_212' title='bbox 117 3402 247 3486; x_wconf 82' lang='lat' dir='ltr'>solatia</span> <span class='ocrx_word' id='word_1_213' title='bbox 256 3399 396 3473; x_wconf 75' lang='lat' dir='ltr'>deditis</span> <span class='ocrx_word' id='word_1_214' title='bbox 416 3426 493 3472; x_wconf 89' lang='lat' dir='ltr'>nam</span> <span class='ocrx_word' id='word_1_215' title='bbox 520 3401 636 3475; x_wconf 80' lang='lat' dir='ltr'>vestris</span> <span class='ocrx_word' id='word_1_216' title='bbox 662 3403 807 3498; x_wconf 92' lang='lat' dir='ltr'>primum</span> <span class='ocrx_word' id='word_1_217' title='bbox 830 3402 933 3476; x_wconf 86' lang='lat' dir='ltr'>literis</span> <span class='ocrx_word' id='word_1_218' title='bbox 953 3427 1073 3475; x_wconf 92' lang='lat' dir='ltr'>recrea</span> 
     </span>
     <span class='ocr_line' id='line_1_30' title="bbox 109 3506 1073 3610; baseline -0.004 -26"><span class='ocrx_word' id='word_1_219' title='bbox 109 3531 193 3610; x_wconf 75' lang='grc' dir='ltr'>ωε,</span> <span class='ocrx_word' id='word_1_220' title='bbox 214 3533 268 3581; x_wconf 93' lang='lat' dir='ltr'>me</span> <span class='ocrx_word' id='word_1_221' title='bbox 293 3509 335 3579; x_wconf 89' lang='lat' dir='ltr'>ad</span> <span class='ocrx_word' id='word_1_222' title='bbox 366 3506 501 3604; x_wconf 88' lang='lat' dir='ltr'>pristina</span> <span class='ocrx_word' id='word_1_223' title='bbox 530 3509 632 3583; x_wconf 83' lang='lat' dir='ltr'>studia</span> <span class='ocrx_word' id='word_1_224' title='bbox 668 3512 838 3592; x_wconf 84' lang='lat' dir='ltr'>revocavi.</span> <span class='ocrx_word' id='word_1_225' title='bbox 869 3513 960 3588; x_wconf 84' lang='lat' dir='ltr'>Tum</span> <span class='ocrx_word' id='word_1_226' title='bbox 1000 3510 1073 3599; x_wconf 84' lang='lat' dir='ltr'>ille,</span> 
     </span>
     <span class='ocr_line' id='line_1_31' title="bbox 116 3619 1074 3729; baseline -0.004 -36"><span class='ocrx_word' id='word_1_227' title='bbox 116 3620 252 3729; x_wconf 79' lang='lat' dir='ltr'>Legi,</span> <span class='ocrx_word' id='word_1_228' title='bbox 243 3619 371 3716; x_wconf 80' lang='lat' dir='ltr'>inquit,</span> <span class='ocrx_word' id='word_1_229' title='bbox 393 3619 602 3715; x_wconf 87' lang='lat' dir='ltr'>perlubenter</span> <span class='ocrx_word' id='word_1_230' title='bbox 630 3622 827 3718; x_wconf 85' lang='lat' dir='ltr'>epistolam,</span> <span class='ocrx_word' id='word_1_231' title='bbox 848 3647 951 3718; x_wconf 88' lang='lat' dir='ltr'>quam</span> <span class='ocrx_word' id='word_1_232' title='bbox 977 3620 1022 3691; x_wconf 89' lang='lat' dir='ltr'>ad</span> <span class='ocrx_word' id='word_1_233' title='bbox 1044 3636 1074 3699; x_wconf 79' lang='lat' dir='ltr'>te</span> 
     </span>
     <span class='ocr_line' id='line_1_32' title="bbox 38 3722 1071 3858; baseline 0 -56"><span class='ocrx_word' id='word_1_234' title='bbox 38 3757 40 3761; x_wconf 91' lang='lat'>·</span> <span class='ocrx_word' id='word_1_235' title='bbox 116 3729 234 3814; x_wconf 67' lang='lat' dir='ltr'>brutus</span> <span class='ocrx_word' id='word_1_236' title='bbox 264 3727 350 3812; x_wconf 70' lang='lat' dir='ltr'>mist</span> <span class='ocrx_word' id='word_1_237' title='bbox 371 3753 414 3810; x_wconf 76' lang='lat' dir='ltr'>eu</span> <span class='ocrx_word' id='word_1_238' title='bbox 437 3728 538 3846; x_wconf 80' lang='lat' dir='ltr'>Asta,</span> <span class='ocrx_word' id='word_1_239' title='bbox 562 3755 628 3838; x_wconf 87' lang='lat' dir='ltr'>qua</span> <span class='ocrx_word' id='word_1_240' title='bbox 648 3730 732 3808; x_wconf 87' lang='lat' dir='ltr'>mihi</span> <span class='ocrx_word' id='word_1_241' title='bbox 760 3722 848 3858; x_wconf 80' lang='lat' dir='ltr'>visus</span> <span class='ocrx_word' id='word_1_242' title='bbox 869 3728 917 3810; x_wconf 86' lang='lat' dir='ltr'>est</span> <span class='ocrx_word' id='word_1_243' title='bbox 943 3749 978 3810; x_wconf 88' lang='lat' dir='ltr'>et</span> <span class='ocrx_word' id='word_1_244' title='bbox 1000 3751 1071 3807; x_wconf 82' lang='lat' dir='ltr'>mo</span> 
     </span>
    </p>
   </div>
   <div class='ocr_carea' id='block_1_4' title="bbox 0 0 1156 4304">
    <p class='ocr_par' dir='ltr' id='par_1_4' title="bbox 0 0 1156 4304">
     <span class='ocr_line' id='line_1_33' title="bbox 0 0 1156 4304; baseline 0 0"><span class='ocrx_word' id='word_1_245' title='bbox 0 0 1156 4304; x_wconf 95' lang='lat' dir='ltr'> </span> 
     </span>
    </p>
   </div>
  </div>
 </body>
</html>
