2302 4304
126 284 200 387 ‚m
455 262 766 357 aaaron

125 445 289 521 scribebat
310 463 422 518 tamen
447 446 645 534 orationes,
677 469 758 542 quas
780 444 836 515 alii
857 443 1029 532 dicerent;
1055 466 1090 516 ut

125 559 172 651 Q.
187 557 323 630 Metello
334 555 462 646 filio,ur
479 559 525 650 Q.
539 554 718 652 Caepioni,
738 573 774 627 ut
783 557 830 648 Q.
841 555 1009 653 Pompeio
1020 558 1089 628 Ru-

126 665 167 741 so
187 666 413 766 (quumquam
428 669 455 741 is
470 669 572 740 etiam
586 667 653 762 ipse
664 666 786 763 scripsit
798 691 875 755 eas,
897 667 1018 764 quibus
1029 690 1088 762 pro
1133 726 1135 737 .

61 809 111 859 ποτ
129 777 161 850 se
181 776 228 852 est
240 777 338 867 usus,
363 777 418 865 sed
436 779 586 871 nonsme
608 776 736 877 Aelio).
773 777 836 852 His
857 777 950 851 enim
967 777 1088 874 scriptis
1131 760 1135 839 l

128 889 229 961 etiam
250 887 318 984 ipse
335 886 490 977 interfui,
508 915 586 964 curn
598 888 698 962 essem
711 888 798 984 apud
816 888 953 960 Aelium
970 886 1088 960 adoles·
1132 850 1135 993 l

130 1025 222 1090 cens,
235 1025 376 1097 eumque
394 1001 506 1074 audire
533 1000 733 1099 perstudiose
757 1001 908 1075 solerem.
958 1001 1088 1073 Cottam
1133 996 1135 1005 ’

131 1129 240 1184 antem
265 1111 396 1202 miror,
426 1112 587 1188 summum
615 1114 720 1213 ipsum
742 1135 916 1187 oratorem
941 1112 1088 1184 minime·

132 1248 198 1322 que
222 1224 391 1319 ineptum,
426 1226 577 1299 Aelianas
591 1227 680 1299 leves
698 1225 921 1299 oratiunculas
956 1220 1088 1296 voluisse

71 1355 115 1431 57
134 1335 311 1409 existimari
332 1334 412 1408 suas.
461 1337 522 1411 His
538 1338 668 1408 duobus
685 1335 833 1407 eiusdem
858 1333 975 1405 aetatis
994 1356 1089 1405 annu·

133 1444 320 1518 metabatur
334 1468 435 1516 nemo
453 1447 566 1517 tertius
580 1471 592 1530 ;
630 1444 698 1516 sed·
708 1445 791 1516 mihi
816 1443 979 1539 placebat.
994 1444 1088 1536 Pom·

133 1553 255 1654 ponius
282 1551 447 1642 maxime,
483 1555 540 1626 vel
559 1554 695 1639 dicam,
733 1551 869 1625 minime
898 1549 1090 1648 displicebat.

134 1667 244 1740 Locus
263 1684 333 1737 erat
349 1665 489 1737 omnino
510 1665 544 1736 in
552 1666 704 1738 maximis
724 1665 851 1755 causis,
877 1684 1011 1762 praeter
1030 1683 1091 1748 eoS,

134 1779 178 1852 de
201 1778 319 1874 quibus
339 1777 434 1874 supra
456 1776 547 1867 dixi,
562 1774 710 1849 nemini:
733 1792 912 1872 propterea
927 1772 1092 1872 quodAn·

134 1892 267 1980 tonius,
295 1894 353 1991 qni
363 1892 506 1965 maxime
519 1891 751 1988 expetebatur,
775 1887 879 1963 facilis
892 1886 929 1958 in
942 1884 1042 1958 causis
1052 1906 1092 1954 re

136 2000 296 2097 cipiendis
310 2023 381 2074 erat
394 2027 405 2088 ;
433 1999 630 2075 faffidiofior
642 1997 799 2083 Crassus,
823 1996 879 2069 sed
896 2014 1008 2067 tamen
1022 1989 1093 2064 reci·

135 2112 257 2210 piebat
287 2112 406 2188 horum
435 2112 492 2211 qui
515 2127 668 2182 neutrum
701 2109 864 2194 habebat,
888 2102 1094 2202 confugiebat

136 2230 180 2302 ad
193 2230 381 2328 Philippum
394 2229 474 2315 sere,
488 2246 545 2300 aut
563 2226 604 2299 ad
618 2225 811 2299 Caesarem:
826 2221 1009 2294 secundum
1021 2215 1093 2288 Phi·

107 2339 266 2438 'lippum
305 2362 339 2413 et
372 2339 545 2412 Caesarem
576 2338 680 2408 Cotta
711 2353 745 2406 et
776 2328 938 2427 Sulpicius
964 2343 1095 2422 expete·

130 2449 268 2525 bantur.
297 2458 344 2525 lta
365 2453 406 2524 ab
430 2452 469 2524 iis
495 2451 552 2526 sex
577 2448 726 2547 patronis
742 2444 854 2519 causae
874 2440 1012 2513 illustres
1024 2460 1095 2533 age·
1124 2503 1126 2507 ,

135 2560 269 2634 bantur.
313 2584 425 2656 neque¹
441 2577 509 2632 tam
538 2560 668 2647 multa,
700 2584 800 2656 quam
833 2553 947 2626 nostra
975 2570 1096 2636 aetate,

56 2720 58 2725 .
137 2665 259 2738 iudicia
284 2664 431 2740 fiebant:
454 2695 562 2768 neque
584 2671 670 2759 hoc,
682 2705 683 2708 ¹
693 2669 786 2763 quod
803 2692 889 2739 nunc
904 2663 944 2735 fit
957 2717 968 2752 ,
981 2679 1019 2733 ut
1032 2684 1096 2732 cau·

136 2776 191 2848 sae
213 2774 354 2872 srngulae
369 2777 622 2854 defenderentur
637 2809 656 2853 a
681 2782 853 2878 pluribus,
876 2800 947 2874 quo
965 2772 1045 2846 nihil
1056 2769 1097 2842 esl

71 2910 120 2964 208
139 2884 296 2961 vitiosius.
345 2889 594 2986 Respondemus
613 2895 675 2983 iis,
699 2918 785 2990 quos
807 2915 877 2962 non
893 2884 1097 2961 audivimus:

95 3056 99 3066 .
136 2997 173 3072 in
197 3023 267 3095 quo
294 2999 440 3096 primum
466 3001 559 3098 saepe
582 3003 675 3075 aliter
696 3003 742 3077 est
766 3000 915 3085 dietum,
946 2995 1039 3066 aliter
1062 2989 1098 3062 ad

138 3132 202 3181 nos
214 3100 376 3182 relatum:
403 3109 520 3181 deinde
540 3111 654 3210 inagni
673 3107 823 3197 interest,
849 3128 965 3179 coram
990 3098 1108 3172 videre>

69 3269 72 3274 -
138 3243 219 3310 me,
238 3216 522 3317 quemadmddum
549 3223 754 3297 adversarius
772 3220 812 3290 de
831 3237 965 3314 quaque
979 3235 1015 3282 re
1029 3206 1099 3282 asse

95 3331 97 3334 Α
138 3348 259 3418 veret3
281 3335 424 3409 maxime
438 3356 561 3429 autem,
587 3335 873 3437 quemadmodum
884 3351 1037 3428 quaeque
1055 3345 1101 3394 res

138 3441 298 3518 audiatur.
346 3447 411 3518 sed
436 3450 519 3522 nibil
538 3452 711 3542 vitiosius,
746 3474 873 3546 quam,
901 3467 980 3517 cum
1001 3461 1100 3512 unum

137 3579 261 3651 corpus
273 3554 389 3662 debeat
402 3558 474 3630 else
485 3547 711 3651 defensionis,
726 3557 813 3630 nasci
828 3556 869 3628 de
884 3553 1019 3650 integro
1033 3574 1101 3620 cau·

72 3684 123 3747 ²69
140 3668 235 3757 sam,
269 3693 344 3743 cum
379 3670 418 3743 srt
438 3673 479 3744 ab
498 3675 602 3746 altero
621 3688 782 3770 perorata.
832 3665 1000 3740 Omnium
1019 3661 1101 3733 enim

77 3775 308 4008 ¹causarum
333 3781 496 3858 unumest
513 3783 658 3864 naturale
680 3778 910 3879 principium,
941 3798 1010 3849 una
1029 3794 1100 3869 per·
