2302 4304
43 312 50 335 ¹
138 307 205 380 r32
376 283 886 366 Duoad‘souss
973 361 976 368 .

133 443 383 519 natusconsulto
397 445 451 518 ‘ad
464 515 469 527 ,
483 465 575 519 arma
602 446 770 523 vocaffet:
790 449 858 522 hoc
882 449 985 539 tolle,
1005 449 1103 523 causa

133 580 205 629 non
227 558 305 631 erit.
335 560 379 629 At
405 553 566 682 idipsum
593 579 704 658 negat
720 580 838 634 contra
861 545 949 660 leges
975 562 1104 639 licuiffe
1127 618 1131 623 -

93 684 105 713 1
132 667 270 749 Decius.
304 669 461 740 Veniet
453 670 553 766 1gitur
579 671 615 742 in
633 670 818 761 iudicium,
845 673 1035 744 licueritne
1058 697 1104 744 ex

132 779 437 871 senatuconsulto,
458 782 636 855 servandae
656 783 855 903 reipublicae
879 784 982 856 causa.
1018 786 1104 857 Per·
1141 812 1145 819 ·

131 887 245 984 spicua
264 887 347 961 sunt
368 887 451 961 haec
469 889 631 984 quidem,
647 907 680 962 et
710 890 744 960 in
764 874 894 986 vuigari
924 889 1104 987 prudentia

61 1071 63 1074 ,
130 1001 212 1092 fita3
228 1000 285 1074 sed
308 1000 363 1072 illa
382 1000 595 1098 quaerenda,
597 1025 695 1097 quae
714 1002 755 1072 ab
773 1000 961 1073 accusatore
978 1017 1015 1072 et
1040 999 1103 1071 de·

21 1101 42 1124 ”
66 1102 97 1155 '‘-
132 1112 266 1196 sensore
287 1129 505 1209 argumenta,
528 1111 569 1181 ad
588 1110 640 1199 id,
654 1109 770 1207 quod
761 1137 796 1181 in
810 1109 968 1182 iudicium
986 1109 1105 1198 venit,

30 1264 33 1269 ⁴
66 1247 110 1326 31
133 1225 330 1325 spedantia,
354 1225 496 1297 debeant
513 1224 634 1299 afferri.
667 1228 778 1321 Atque
799 1225 854 1295 bic
875 1222 957 1293 illud
978 1221 1104 1293 viden·

68 1330 112 1414 ις’,
134 1333 214 1420 dum
241 1331 306 1417 est,
329 1331 365 1403 in
390 1356 460 1429 quo
483 1332 630 1403 summus
653 1330 700 1402 est
723 1356 818 1402 error
837 1329 973 1401 istorum
994 1327 1105 1426 magi-

54 1462 58 1469 ’
132 1439 300 1528 strontm,
330 1439 374 1511 ad
410 1439 640 1535 quosliberos
665 1437 798 1510 nostros
822 1436 1005 1524 mittimus,
1031 1442 1105 1508 non

95 1625 97 1629 ,
132 1573 203 1646 quo
218 1549 285 1620 hoc
299 1549 435 1646 quidem
450 1549 498 1621 ad
517 1548 695 1620 dicendum
710 1572 912 1645 magnopere
928 1545 1106 1643 pertineat,

134 1659 189 1732 sed
203 1682 314 1732 tamen
332 1684 370 1734 ut
392 1660 560 1757 videatis,
583 1660 742 1759 quamsit
763 1685 864 1758 genus
884 1661 952 1732 hoc
964 1685 1105 1755 eorum,

14 1832 20 1841 .
116 1773 192 1869 'qui
208 1772 280 1862 'sibi
303 1774 424 1849 eruditi
449 1764 624 1864 videntur,
650 1774 750 1846 hebes
779 1791 878 1869 atque
900 1773 1104 1869 impolitum.

133 1881 351 1960 Constituunt
387 1886 476 1957 enim
502 1886 537 1957 in
560 1881 742 1982 partiendis
774 1880 966 1954 orationum
989 1881 1105 1956 modis

135 1998 204 2070 duo
239 1988 359 2097 genera
394 2001 574 2073 causarum.
610 1990 720 2071 unum'
748 1995 933 2094 appellant,
959 1996 995 2067 in
1031 2021 1105 2094 quo

41 2178 45 2189 ¹
123 2100 202 2173 ¹fine
224 2104 373 2199 personis
393 2123 491 2202 atque
508 2105 736 2199 temporibus,
749 2104 790 2175 de
806 2102 962 2176 universo
979 2127 1110 2202 genere

133 2232 331 2310 quaeratim
353 2215 508 2304 altenun,
523 2214 624 2339 quod
659 2213 815 2311 personis
836 2213 933 2286 certis
957 2235 992 2286 et
1016 2229 1104 2285 tem-

38 2338 41 2345 '
95 2324 273 2425 ‚poribus
293 2323 517 2398 definiatur:
509 2324 637 2423 ignari,
652 2349 769 2397 omnes
794 2304 1039 2395 controversias
1059 2323 1103 2395 ad

69 2456 117 2512 134
133 2436 278 2509 universi
298 2439 427 2535 generis
449 2436 522 2509 vim
543 2458 577 2511 et
604 2454 755 2508 naturam
778 2432 904 2506 referri
953 2433 1074 2504 Nam
1064 2461 1102 2505 m

16 2578 28 2615 κ
134 2565 173 2612 ea
197 2542 283 2640 ipsa
291 2545 408 2637 causa,
435 2547 476 2617 de
504 2565 569 2643 qua
593 2562 670 2615 ante
687 2542 777 2631 dixi,
799 2539 880 2611 nihil
904 2555 1048 2636 pertinet
1059 2540 1103 2613 ad

133 2651 277 2727 oratoris
295 2652 402 2731 =locos
435 2653 565 2749 Opimii
597 2652 757 2749 persona,
789 2649 870 2722 nihil
890 2648 1003 2721 Decii.
1044 2650 1102 2723 De

133 2752 207 2850 ipso
235 2756 324 2828 enim
355 2757 513 2831 universo
548 2784 668 2857 genere
696 2758 826 2831 infinita
857 2756 1004 2856 quaestio
1025 2757 1101 2849 est,

15 2926 17 2930 1
133 2893 216 2939 num
248 2892 360 2963 poena
392 2864 545 2942 videatur
575 2869 639 2940 effe
665 2871 880 2959 afficiendus,
906 2869 965 2965 qu'i
988 2856 1100 2965 civem

134 3000 178 3048 ex
200 2971 479 3051 senatusconsidto
506 2975 630 3074 patriae
657 2978 1025 3052 conservandae'causa
1048 2981 1101 3063 in,-

135 3088 329 3177 tetemerit,
365 3113 441 3160 cum
475 3088 509 3161 id
544 3087 715 3187 perleges
744 3113 815 3159 non
838 3087 959 3161 liceret
1002 3087 1110 3161 Nulla'

136 3194 277 3295 denique
303 3196 350 3270 est
371 3197 490 3288 causa,
515 3197 643 3295 inqua
667 3197 724 3284 id,
761 3196 854 3294 quod
880 3195 915 3266 in
938 3193 1101 3290 iudicium

135 3307 248 3397 venit,
267 3334 310 3381 ex
331 3333 465 3381 reorum
490 3307 651 3405 personis,
675 3332 744 3379 non
762 3330 920 3405 generum
950 3302 1103 3432 ipsorum

69 3442 116 3498 ¹35
135 3422 287 3496 universa
321 3423 539 3520 disputatione
579 3439 763 3520 quaeratur
814 3417 908 3512 Quin
938 3414 1040 3494 etiarn
1065 3416 1104 3490 itt

53 3526 57 3541 ¹
125 3532 176 3617 iis
199 3509 301 3632 ipfis,
323 3536 381 3608 ubi
405 3537 446 3608 de
475 3536 564 3608 fado
596 3533 793 3631 ambigitur,
822 3529 1085 3626 ceperimecon

25 3670 28 3675 ·
137 3665 189 3719 tra
209 3648 296 3744 leges
317 3645 526 3745 pecuniasP
549 3643 699 3732 Decius,
725 3657 964 3741 argumentaet
981 3630 1105 3713 crimi-

22 3808 26 3815 -
139 3781 220 3835 num
242 3774 276 3832 et
301 3754 499 3832 defensionis
522 3770 722 3832 revocentur
744 3768 881 3849 oportet
905 3747 949 3824 ad
969 3772 1105 3847 genus,

77 3892 80 3901 Ι
183 3908 186 3915 Ι

80 3920 91 3943 ἰ

62 3948 100 4015 b..

62 4012 83 4031 κ’
92 4010 115 4035 ,⁶⁰

207 4036 212 4043 ,
