2302 4304
13 78 15 147 3
116 38 155 115 ἲ

13 176 203 501 'l'-
261 213 268 227 ’
338 261 678 373 pulsent.
968 234 1064 369 μ’

103 476 115 512 ,
142 444 175 496 et
194 419 255 514 id,
285 425 380 522 quod
392 447 511 500 contra
523 428 705 519 diceretur,
729 399 877 504 refellere
887 386 956 523 ,er
979 436 1022 507 ad

57 555 242 608 extremum
265 535 436 657 deprecari
455 537 597 634 aliquid,
621 561 655 610 et
678 534 867 637 conqueri3
901 544 1022 641 quibus
1100 592 1106 605 ·

56 644 88 719 in
111 629 211 716 rebus
238 645 348 716 omnis
381 660 555 717 oratorum
586 645 772 733 versaretur
795 649 960 726 facultas:
987 676 1022 727 et
1089 706 1093 715 .

56 756 148 853 quod
166 745 391 827 consuetudo
383 755 670 853 exercitatioque
682 774 717 828 et
729 756 929 856 mtellrgendr
942 789 1023 858 pru-
1109 746 1115 759 ⁸

56 867 202 939 dentiam
216 887 372 951 acueret,
396 865 621 989 eteloquendi
629 865 860 939 celeritatem
850 870 1021 946 mcitaret.

56 960 241 1048 turiretiam
260 967 493 1072 exemplonun
508 976 607 1072 copia
629 977 804 1053 nitebatur.
854 979 941 1050 Nam
951 1007 1022 1077 prr
1036 1005 1067 1061 ιι

57 1117 148 1163 mum
163 1089 296 1188 ,quali
319 1089 428 1163 dedita
450 1115 555 1184 opera
577 1089 742 1163 neminem
756 1089 952 1187 scriptorem
971 1119 1024 1165 ar·
1121 1158 1127 1179 ,

57 1202 99 1274 fis
122 1227 164 1275 ne
186 1200 402 1273 mediocriter
421 1199 556 1296 quidem
585 1197 740 1271 disertum
767 1198 863 1272 fuisse
877 1201 1029 1293 dicebat,

60 1337 139 1384 cum
153 1329 315 1407 repeteret
334 1333 471 1405 usquea
494 1309 646 1397 Corace,
670 1308 883 1406 nescioquo,
916 1334 950 1383 et
962 1311 1025 1384 Ti·

60 1420 122 1509 fia,
147 1446 233 1519 quos
252 1419 331 1492 artis
352 1417 436 1489 illius
458 1416 651 1490 inventores
676 1439 711 1489 et
735 1418 901 1515 principes
927 1418 1024 1501 fuisse

58 1529 239 1604 constaret:
255 1527 537 1626 eloquentissimos
550 1549 659 1601 autem
687 1516 860 1619 homines,
884 1530 941 1628 qui
965 1531 1024 1604 ista
1077 1610 1093 1619 ,‚

38 1634 121 1713 'nec
148 1637 356 1728 didicissent,
380 1663 442 1711 nec
456 1637 598 1708 omnino
617 1637 698 1710 scire
713 1639 900 1730 crtrassent,
924 1643 1023 1715 innu-

59 1740 232 1826 merabiles
244 1745 405 1843 quosdam
420 1738 629 1816 nominabat:
643 1746 678 1816 in
690 1747 808 1842 quibus
821 1746 919 1820 etiam
928 1800 941 1834 ‚
960 1749 1022 1846 (sr·
1104 1818 1109 1826 .

59 1878 103 1928 ue
117 1857 170 1929 ille
183 1856 339 1942 irridens,
367 1854 436 1929 five
451 1856 545 1953 quod
560 1856 607 1928 ita
620 1876 776 1952 putaret,
801 1879 900 1957 atque
909 1860 956 1931 ita
964 1887 1023 1932 au·

58 1963 187 2062 dissen)
213 1991 269 2036 me
282 1964 317 2035 in
339 1963 396 2036 illo
410 1989 550 2039 numero
564 2019 576 2054 ‚
602 1965 660 2062 qui
678 1964 731 2036 illa
744 1992 813 2038 non
827 1967 1022 2057 didicissem,

58 2098 220 2148 ettamen
245 2073 301 2173 (ut
308 2073 377 2171 rpse
387 2073 536 2174 dicebat)
548 2075 685 2179 possem
692 2075 835 2174 aliquid
826 2077 1024 2167 mdicend0,

60 2186 265 2282 proferebat
290 2187 445 2278 Quorum
460 2210 527 2306 ego
545 2185 592 2256 illi
606 2175 744 2258 alterum
758 2184 853 2258 facile
872 2184 1024 2256 assentie-
1090 2176 1094 2209 ³

59 2295 122 2366 bar
137 2348 149 2386 ‚
175 2293 258 2365 nihil
268 2318 323 2364 me
333 2291 553 2378 didicisse31n
567 2293 671 2363 altero
689 2313 797 2364 autem
811 2318 865 2364 me
879 2278 969 2394 illudi
982 2296 1024 2364 ab

59 2427 116 2488 eo,
122 2424 179 2474 aut
192 2402 291 2474 etiam
304 2401 409 2497 ipsum
424 2425 533 2473 errare
543 2399 734 2471 arbitrabar.
748 2404 863 2474 Artem
869 2421 952 2469 vero
962 2424 1023 2470 ne·
1038 2421 1070 2473 ιι

64 2515 168 2609 gabat·
161 2513 241 2584 effe
255 2512 366 2602 ullam,
380 2511 440 2620 nist
453 2534 537 2609 quae
552 2508 718 2606 cognitis,
743 2508 1025 2606 penitusqneper-

64 2623 200 2718 speslis,
247 2624 329 2695 etin
346 2613 450 2694 unum
469 2619 596 2692 exitum
612 2619 850 2717 speetantibns,
875 2641 908 2694 et
935 2649 1023 2694 nun-

44 2756 163 2855 .quam
182 2729 368 2802 fallentibus
390 2729 488 2800 rebus
502 2728 740 2802 contineretur.
795 2733 887 2803 Haec
915 2754 1024 2806 autem

63 2843 193 2947 omnia,
211 2837 296 2939 quae
319 2843 534 2912 traderentur
548 2841 589 2911 ab
610 2841 825 2930 oratoribus,
851 2842 1025 2914 dubiaelse

61 2979 100 3027 et
121 2957 264 3028 incerta:
289 2981 366 3030 cum
382 2976 415 3025 et
437 2954 626 3026 dicerentur
638 2954 713 3026 ab
693 2980 768 3042 ns,
781 2952 839 3049 qni
857 2978 899 3024 ea
909 2971 1024 3027 omma

63 3065 137 3139 non
158 3069 254 3162 plane
282 3087 464 3155 tenerent,
481 3085 515 3155 et
537 3039 726 3138 atidirentur
749 3064 829 3135 ab''
809 3089 886 3152 ns,
906 3067 1023 3161 quibus

62 3203 136 3249 non
149 3176 283 3250 scie'ntia
296 3175 375 3248 esset
391 3176 572 3260 tradenda',
596 3176 652 3247 sed
666 3173 777 3273 exigui
794 3178 954 3270 temporis
966 3195 1024 3249 aut

61 3284 158 3376 falsa,
171 3309 227 3358 aut
239 3305 329 3359 certe
337 3285 476 3359 obscura
495 3284 624 3382 opinio,
651 3285 745 3376 Quid
768 3283 885 3354 multa?
904 3284 1023 3383 sicjmi·
1036 3307 1068 3361 93

62 3399 102 3470 hi
120 3420 190 3469 rum
204 3396 397 3494 persuadere
424 3398 620 3486 videbatur,
652 3421 758 3493 neque
781 3394 1022 3494 artificium-ul·

62 3510 134 3580 lum
147 3508 212 3581 esse
226 3507 379 3597 dicendi,
404 3534 512 3606 neque
526 3532 727 3606 quemquam
741 3507 862 3603 ¹posse,
888 3508 945 3579 nist
965 3507 1024 3605 qui

62 3619 145 3709 illa,
168 3646 252 3718 quae
283 3646 303 3692 a
329 3619 517 3694 doslillimis
539 3618 729 3691 hominibus
753 3618 788 3688 in
814 3617 1023 3714 philosophia

60 3727 490 3830 dicerentur,.cognoffet,
508 3750 565 3805 aut
579 3731 692 3806 callide
705 3749 761 3804 aut
780 3729 915 3827 copiose
933 3728 1024 3815 dice&¹
