2304 4304
1055 176 1061 207 l

520 217 531 249 Ι

336 378 338 383 ,
367 287 370 292 ’
396 298 622 385 LIBER
671 305 695 373 Ι.
792 310 797 319 “
981 339 1003 407 7
1010 338 1025 384 ι

67 453 223 525 callidum
250 456 416 552 quendam
446 459 561 549 hunc,
587 479 620 532 et
646 463 732 533 nulla
755 462 789 535 in
815 492 851 539 re
881 469 1027 544 tironem

62 589 101 635 ac
122 565 336 654 rudem>5nec
350 567 563 664 peregrinum
575 590 675 667 atque
688 572 851 670 hospitem
869 576 904 649 in
925 597 1032 677 agen-¹
1076 598 1081 607 ·

59 675 115 747 do·
135 676 203 748 effe
223 679 352 754 debere.
951 714 954 767 j

109 788 232 884 Neque
254 785 430 866 vero'islis'
446 794 724 893 tragoediisnris,
749 798 869 894 quibus
890 801 1085 911 utiphi-51

53 893 198 990 losophi
218 901 363 973 maxime
383 901 513 990 solent,-
538 904 673 995 Cralse,
698 907 906 1005 perturbor,
937 914 1090 1008 quoda,

51 999 119 1083 ista
134 1004 266 1096 dixisti,
291 1013 456 1106 neminem
471 1012 563 1109 posse
577 1036 694 1086 eorum
705 1032 840 1097 mentes
855 1069 866 1104 ,
891 1018 949 1114 qui
971 1045 1029 1091 au·

51 1103 173 1181 dirent
184 1115 201 1197 ,'
226 1109 501 1205 autinflammare
521 1119 690 1208 dicendo,
728 1143 784 1192 aut
811 1115 1029 1196 inflammatas

46 1221 287 1320 restinguere,
313 1254 388 1299 cum
409 1252 453 1299 eo
480 1229 623 1300 maxime
648 1230 700 1302 vis
733 1231 877 1310 oratoris
899 1235 1028 1329 magni-

56 1335 214 1433 tudoque
228 1346 401 1431 cernatur,
427 1340 485 1412 nisi
501 1343 558 1439 qui
571 1368 682 1414 rerum
696 1342 845 1413 omnium
859 1361 1026 1431 naturam,

57 1469 179 1517 mores
192 1445 366 1528 hominum
382 1474 479 1548 atque
497 1452 640 1524 rationes
664 1451 793 1548 penitus
806 1450 1026 1547 perspexerit:

57 1552 98 1624 in
112 1568 184 1651 quo
200 1556 411 1656 philosophia
425 1551 464 1633 srt
474 1560 614 1643 oratori
643 1559 823 1632 necessario
840 1561 1025 1656 percipien-

59 1662 105 1733 da
120 1690 140 1734 z.
156 1677 224 1762 quo
238 1665 273 1736 in
289 1666 396 1741 studio
411 1670 585 1768 hominum
604 1692 738 1777 quoque
751 1663 1025 1766 ingeniofiffimo-
1058 1718 1061 1726 -

60 1800 141 1846 rum
167 1777 503 1881 otiosissimorumque
533 1802 620 1857 totas
647 1800 767 1853 aetates
789 1779 939 1853 videmus
958 1781 1024 1853 esse

33 1881 37 1885 ’
64 1887 251 1960 contritas:
276 1915 420 1987 quorum
448 1917 513 1989 ego
540 1893 672 1990 copiam
698 1889 1023 1990 magnitudinemque

63 1993 278 2092 cognitionis,
305 2016 403 2095 atque
417 1999 494 2072 artis
514 2025 582 2102 non
605 2000 709 2073 modo
735 2025 806 2093 non
819 2021 1023 2091 contemtio,
1074 2004 1091 2017 '

63 2102 240 2178 sedetiam
253 2107 467 2182 vehementer
483 2103 649 2183 admiror:
674 2109 771 2182 nobis
792 2131 926 2199 tamen,
964 2110 1023 2207 qui
1107 2192 1111 2200 ¹

63 2212 100 2283 in
118 2214 186 2287 hoc
206 2217 334 2315 poptdo
348 2215 493 2316 foroque
515 2203 710 2312 uersamur,
735 2217 809 2293 satis
832 2216 903 2308 est,
928 2218 1023 2288 eade

61 2326 213 2400 moribus
230 2329 402 2416 hominum
417 2327 566 2416 etscire,
590 2315 623 2400 et
633 2329 767 2415 dicere,
791 2352 875 2425 quae
888 2327 1027 2398 nonab-·

64 2435 203 2511 horrent
225 2439 266 2510 ab
285 2439 458 2511 hominum
472 2425 630 2509 moribus.
679 2437 763 2526 Quis
776 2437 865 2506 enim
877 2460 1022 2532 unquam
1040 2464 1089 2501 220
1127 2529 1137 2551 .

65 2565 181 2618 orator
204 2573 365 2644 magnus,
389 2567 423 2620 et
436 2544 574 2644 gravis,
599 2540 819 2616 eunitarum
834 2541 1021 2616 aduersario
1073 2643 1075 2647 ι

65 2651 220 2730 iudicem
236 2657 483 2746 facerevellet,
508 2653 679 2728 haesitavit
704 2653 751 2725 ob
776 2678 849 2724 eam
867 2651 1047 2753 causam.,·
1081 2708 1083 2713 .

42 2794 46 2811 ¹
68 2770 159 2862 quod
173 2769 334 2858 nesciret,
358 2768 439 2865 quid
451 2766 530 2838 esset
542 2763 734 2852 iracundia,
758 2762 917 2836 fervorne
925 2786 1021 2831 men·

67 2875 125 2965 tia,
139 2902 181 2948 an
194 2877 355 2973 cupiditas
367 2875 525 2972 puniendi
548 2871 674 2967 doloris
689 2871 703 2942 i
731 2870 827 2963 Quis,
840 2895 914 2942 cum
928 2890 1056 2959 cete-⁶.

67 3008 123 3056 ros
149 2987 335 3059 animorum
350 3011 459 3060 motus
471 3003 526 3058 aut
544 2982 732 3069 iudicibus,
756 2998 811 3051 aut
822 2978 949 3074 poptdo
967 2979 1021 3050 di·
1134 3069 1136 3074 ,

45 3096 176 3194 ,cendo
197 3099 333 3171 miscere
354 3095 594 3194 atqueagitare
616 3090 728 3180 vellet,
751 3115 789 3161 ea
803 3089 912 3177 dixit,
937 3113 1022 3187 quae
1143 3090 1146 3097 '

65 3204 306 3304 aphilosophis
324 3205 390 3288 dici
404 3202 537 3276 solent?
564 3200 621 3299 qni
643 3200 762 3297 partim
782 3199 922 3270 omnino
945 3224 1021 3271 mo·
1117 3209 1122 3224 '

67 3337 118 3391 tus
136 3333 258 3412 negant
271 3315 306 3386 in
320 3311 436 3402 animis
453 3311 537 3382 ullos
554 3307 618 3380 esse
642 3308 782 3396 debere,
814 3306 936 3404 quique
962 3332 1023 3380 eos

68 3423 101 3495 in
122 3425 267 3497 iudicum
281 3423 445 3496 mentibus
458 3420 646 3506 concitent,
661 3417 761 3490 scelus
777 3442 835 3489 eos
858 3417 1021 3491 nefarium

67 3529 200 3618 facere3
225 3536 371 3629 partim,
395 3528 452 3631 qui
479 3529 717 3603 tolerabiliores
739 3529 857 3603 volunt
879 3530 961 3618 esse,
986 3545 1024 3602 et
1096 3631 1098 3635 ¹

66 3642 107 3712 ad
124 3643 301 3717 veritatem
314 3642 403 3718 vitae
418 3630 553 3738 propius
572 3641 752 3727 accedere,
776 3638 1024 3736 permediocres

66 3773 104 3824 ac
117 3744 339 3850 potius'leves
365 3767 474 3830 motus
498 3750 615 3824 debere
637 3747 702 3820 esse
723 3746 845 3913 dipunt.
893 3745 1021 3820 Orator
1036 3779 1083 3816 ιιι

146 3874 149 3878 ’
711 3903 731 3913 «κ
809 3865 834 3932 4
