2302 4304
137 302 210 382 nm
378 344 392 377 ‚
462 282 771 356 uuuruu

133 449 240 539 esl'et,
265 444 393 544 priores
412 463 524 519 tamen
544 468 640 544 agere
662 464 770 542 partes
796 440 1025 518 Hortensium.
1048 422 1109 518 A!

133 582 226 631 crem
245 558 334 629 enim
354 576 544 646 oratorem,
581 554 777 646 incensum,
803 573 837 626 et
863 574 1038 654 agentem,
1062 580 1089 633 et

134 692 317 756 canorum,
352 665 528 738 concursus
562 664 737 736 hominum
775 661 910 761 forique
947 663 1087 763 strepitu

70 797 117 865 με
135 778 306 852 desiderat.
328 783 441 852 Unum
455 778 555 875 igitur
572 802 714 866 annum,
738 800 813 848 cunr
837 772 1088 851 rediissemuset

134 886 230 976 Asta,
247 886 355 961 causas
373 885 499 959 nobiles
526 887 669 985 egimus,
687 908 768 956 cum.
789 881 999 981 quaesturam
1012 910 1086 976 nos,

134 997 339 1070 consulatum
361 998 489 1085 Cotta,
518 996 713 1069 aedilitatem
736 1010 862 1090 peteret
888 993 1084 1071 Hortensius.

134 1108 269 1179 Interim
302 1134 356 1180 me
383 1107 590 1205 quaestorem
619 1104 790 1179 Siciliensis
811 1106 946 1202 excepit
972 1132 1084 1219 annua:
1121 1174 1123 1185 .

133 1216 237 1290 Cotta
254 1222 296 1291 'ex
310 1220 480 1293 consulatu
508 1218 555 1295 est
575 1218 744 1316 proselitis
765 1216 800 1288 in
815 1218 984 1292 Galliam:
1001 1221 1084 1318 ptin-

134 1354 211 1426 ceps
231 1348 265 1402 et
281 1352 350 1404 erat
372 1349 404 1402 et
421 1333 602 1405 habebatur
622 1329 823 1404 Hortensius.
875 1331 967 1405 Cum
987 1357 1085 1407 autem

132 1464 222 1510 anno
246 1439 320 1536 post
345 1467 364 1513 e
385 1442 491 1515 Sicilia
519 1467 573 1512 me
595 1441 814 1537 recepissem,
834 1440 903 1512 iant
922 1443 1086 1518 videbant

131 1548 211 1620 illud
243 1551 278 1622 in
300 1577 377 1638 me,
415 1552 577 1650 quidquid
609 1550 710 1643 esset,
734 1553 798 1625 esse
823 1552 1013 1649 perfedhun
1025 1610 1037 1647 ,
1059 1574 1085 1629 et

130 1657 252 1732 habere
292 1661 512 1733 maturitatem
534 1660 699 1758 quandam
723 1662 820 1733 suam.
870 1664 985 1753 Nimis,
998 1664 1085 1738 muln

130 1770 252 1843 videor
271 1772 312 1846 tle
328 1798 401 1862 me,
427 1772 496 1870 ipse
518 1771 732 1871 praesertim3
750 1771 813 1844 sed
827 1775 923 1847 omni
943 1776 1086 1850 huicset·

131 1883 225 1954 moni
248 1884 455 1981 propositum
469 1883 535 1975 esl,
566 1908 635 1956 non
651 1901 689 1956 ut
703 1884 871 1981 ingenium
886 1907 922 1959 et
936 1887 1085 1987 eloquen-

129 1989 210 2061 tiam
234 2017 342 2064 meam
360 1993 552 2090 perspicias,
576 1995 663 2066 unde
687 1994 785 2092 longe
805 1995 946 2087 absum,
982 2000 1037 2073 sed
1056 2020 1087 2073 ut

63 2132 114 2185 319
130 2103 279 2175 laborem
311 2121 343 2175 et
375 2092 575 2176 industriam.
610 2106 710 2176 ·Cum
730 2105 830 2203 igitur
851 2108 956 2182 essem
972 2112 1007 2183 in
1023 2111 1086 2208 plu·

130 2215 223 2288 rimis
233 2213 354 2302 caulis,
378 2238 411 2287 et
434 2214 468 2285 in
481 2215 683 2312 principibus
705 2219 873 2312 patronis,
901 2222 1091 2322 quinquen·¹

129 2328 223 2400 nium
244 2327 316 2398 fere
328 2326 489 2417 versatus,
513 2343 583 2397 tum
600 2325 634 2395 in
649 2325 836 2421 patrocinio
849 2327 1012 2403 Siciliensi
1023 2356 1085 2403 ma·

128 2440 218 2512 xime
229 2439 264 2510 in
278 2457 442 2511 certamen
465 2436 544 2510 veni
567 2435 746 2532 defignatus
760 2433 869 2510 aedilis
885 2463 966 2510 cum
987 2439 1085 2539 defig-

65 2568 107 2639 93
128 2567 207 2621 nato
229 2550 361 2621 consule
383 2546 574 2619 Hortensio.
622 2547 685 2618 Sed
715 2546 873 2644 quoniam
894 2549 1012 2624 omnis
1038 2549 1085 2623 hic

127 2648 235 2733 sermo
257 2657 450 2732 nosternon
465 2659 569 2737 solum
591 2658 873 2730 enumerationem
887 2659 1086 2750 oratoriam,

126 2767 357 2843 verumetiam
371 2787 542 2865 praecepta
556 2768 714 2865 quaedam
729 2765 903 2851 desrdetat3
930 2769 1017 2863 quid
1028 2785 1085 2840 tan

125 2902 224 2975 quam
237 2877 421 2948 notandum
439 2896 471 2946 et
485 2874 812 2946 animadvertendum
832 2871 870 2943 stt
883 2872 919 2943 in
942 2876 1084 2948 Horten·

60 3018 109 3069 320
124 2986 189 3080 fio,
218 2987 365 3060 breviter
381 2984 456 3055 lieet
472 2983 590 3054 dicere.
640 2985 728 3056 Nam
745 2981 773 3054 is
792 2978 1081 3077 postconsulatum

97 3177 101 3186 ι
125 3092 247 3192 (credo
267 3092 360 3192 quod
383 3091 533 3183 videret,
561 3118 603 3164 ex
617 3091 1083 3168 consedaribusneminemes·

123 3203 157 3275 se
170 3205 280 3277 secum
299 3205 577 3302 comparandum,
605 3205 784 3304 negligeret
799 3226 907 3275 autem
932 3203 1083 3305 eos,qui

124 3312 274 3385 consules
286 3336 355 3382 non
377 3310 725 3410 fuissent),summum
735 3311 815 3382 illud
832 3311 926 3382 'suum
947 3310 1083 3389 studium

20 3450 24 3458 ’
122 3423 262 3513 remisit,
286 3449 355 3520 quo
373 3451 391 3496 a
411 3450 517 3523 puero
531 3424 636 3498 suerat
650 3423 819 3513 incensus,
846 3438 947 3519 atque
962 3425 1000 3496 in
1014 3449 1082 3496 om·
1122 3410 1123 3427 ¹

110 3530 217 3604 'nium
230 3558 340 3606 rerum
355 3536 550 3606 abundantia
571 3535 680 3608 voluit
700 3535 847 3624 beatius,
874 3552 911 3605 ut
934 3535 1007 3631 ipse
1028 3562 1081 3635 pu·

29 3645 31 3648 ’
122 3644 238 3732 tabat,
263 3646 422 3720 remissrus
445 3666 533 3721 certe
553 3647 680 3723 viveress
729 3648 857 3720 Primus
870 3668 911 3722 et
924 3651 1081 3724 sectmdut
1114 3718 1123 3762 ἰ

120 3776 224 3831 annus
233 3810 246 3850 ,
259 3780 294 3836 et
308 3758 423 3846 tertius
435 3776 562 3834 tantum
572 3761 660 3874 quast
671 3761 711 3834 de
726 3759 872 3859 pidurae
884 3764 1014 3838 veteris
1032 3784 1079 3839 cu

1114 3607 1123 3678 l
