2302 4304
82 269 176 383 ‘p
359 238 908 362 oaonnroaav
1119 384 1122 389 ⁵

24 440 33 534 s
80 470 82 474 ⁴
126 444 217 517 effe?
238 445 291 518 sed
306 463 529 545 quamquam,
552 448 620 523 slve
645 449 838 540 iudicio,ut
851 449 943 525 soleo
960 451 1103 543 diceret

111 551 215 642 stv‘e,
239 571 278 646 ut
299 553 352 625 ille
376 549 469 652 pater
482 556 690 652 eloquentiae
710 556 750 629 de
769 557 800 629 se
818 556 977 630 Isocrates
990 556 1103 656 scrip*

94 695 97 701 ’
124 663 165 736 fit
190 664 273 762 ipse,
295 667 442 763 pudore,
456 680 484 739 'a
505 667 674 757 dicend0,
696 686 730 739 et
751 667 928 740 timiditate
951 668 1098 765 ingenua

15 770 18 822 ³
124 778 268 873 quadam
293 766 460 876 refugisti,
486 778 581 869 five,
597 800 639 852 ut
655 778 725 875 ipse
741 778 847 850 iocari
868 777 951 851 soles
963 831 975 868 ,
986 804 1096 852 unum

126 887 246 983 putasti
270 887 344 970 satis
365 888 431 961 esse
458 914 528 961 non
552 889 661 964 modo
679 889 715 958 in
745 912 810 960 una
829 887 949 959 familia
973 889 1096 961 rheto-
1131 919 1132 925 ¹

125 1014 221 1081 rem,
241 990 299 1071 sed
317 1018 420 1089 paene
438 996 474 1067 in
493 1014 565 1068 tota
586 994 751 1068 civitate:
778 1005 848 1067 non
872 1014 984 1068 tamen
1002 997 1095 1069 arbi-

15 1089 59 1193 ,ἰ
124 1119 196 1174 tror
221 1103 283 1175 tibi
313 1104 377 1180 hos
394 1106 498 1182 libros
517 1108 552 1181 in
569 1133 613 1180 eo
637 1107 711 1179 sore
741 1131 884 1205 genere,
908 1109 1001 1205 quod
1026 1132 1101 1180 me·

30 1240 35 1253 ··
123 1214 220 1301 rito,
248 1236 388 1312 propter
412 1240 557 1310 eorum,
591 1221 712 1317 quide
738 1218 868 1292 dicendi
884 1219 1014 1291 ratione
1028 1219 1096 1292 dis-

122 1345 309 1422 putarunt,
341 1329 543 1404 ieiunitatem
567 1331 732 1404 bonarum
751 1330 890 1418 artium,
925 1328 1025 1425 poffit
1051 1329 1101 1400 il-

73 1465 101 1503 ιι
123 1439 201 1510 ludi.
227 1439 319 1511 Nihil
338 1441 429 1512 enim
453 1442 535 1514 mihi
558 1443 693 1539 quidem
711 1440 846 1516 videtur
868 1442 903 1512 in
928 1439 1035 1513 Ctaffi
1056 1462 1092 1514 et

121 1557 266 1653 Antonii
292 1549 445 1650 sermone
464 1559 528 1632 elle
542 1541 772 1656 praeteritum,
798 1555 892 1651 quod
916 1555 1096 1651 quisquam

120 1663 255 1737 summis
268 1654 274 1669 ”
281 1666 445 1766 ingeniis,
464 1667 630 1740 acerrimis
647 1663 775 1754 studiis,
788 1664 915 1761 optima
929 1663 1095 1753 dodltina,

120 1778 268 1870 maximo
293 1777 353 1851 usu
369 1779 527 1878 cognosci
548 1804 587 1852 ac
599 1778 727 1876 percipi
751 1773 894 1872 potuisse
910 1772 1091 1845 arbitrare-

15 1901 21 1980 ᾗ
120 1902 195 1957 tttrt
218 1887 312 1983 quod
336 1908 374 1959 tu
397 1888 550 1965 facillime
579 1888 706 1985 poteris
729 1888 899 1974 iudicare,
924 1886 981 1982 qui
1008 1910 1092 1981 pru*

119 1993 267 2067 dentiam
292 1999 523 2096 rationemque
545 1996 675 2070 dicendi
699 2020 760 2092 per
782 2017 817 2067 te
840 1994 968 2092 ipsum,
992 1994 1091 2068 usum

64 2181 66 2185 ,
117 2121 230 2177 autem
254 2130 316 2204 per
334 2133 396 2180 nos
416 2109 587 2205 percipere
619 2105 767 2186 voluisti,
802 2105 882 2193 Sed,
902 2128 972 2202 quo
992 2104 1091 2178 citius

118 2212 206 2304 hoc,
242 2219 345 2314 quod
368 2218 591 2316 suscepimus,
628 2243 700 2290 non
730 2217 901 2289 mediocre
933 2241 1090 2306 numus,

47 2388 50 2392 .
117 2323 285 2399 conficere
303 2327 481 2424 possimus,
503 2328 620 2402 omissa
633 2326 752 2401 nostras
764 2327 1022 2415 adhortatione,
1042 2328 1088 2400 ad

92 2439 255 2524 eorum,
280 2464 374 2569 quos
391 2442 651 2542 proposuimus,
685 2442 871 2516 sermonem
895 2440 1091 2604 disputatio·

116 2574 287 2647 nemque
278 2546 475 2626 ueniamus

68 2674 97 2712 ¹2
168 2657 335 2730 Postero
325 2662 424 2757 igitur
439 2663 512 2752 die,
528 2689 628 2762 quam
641 2663 695 2747 illa
714 2680 806 2735 erant
819 2662 911 2752 acla',
941 2594 1025 2734 hora
1039 2605 1092 2738 se-

116 2793 154 2841 re
167 2770 332 2857 secunda,
346 2796 425 2843 cum
446 2772 548 2845 etiam
573 2793 646 2847 tum
669 2775 704 2845 in
725 2775 811 2846 ledlo
829 2717 962 2844 Crassus
979 2771 1089 2865 esset,

81 2944 84 2948 .
116 2900 152 2953 et
174 2880 262 2979 apud
292 2907 370 2954 eum
399 2885 564 2980 Stdpicius
589 2886 743 2976 sederet,
772 2885 942 2958 Antonius.
974 2902 1090 2961 autern

85 3058 89 3064 ,
118 2989 339 3064 inambularet
363 3017 439 3066 cum
461 2993 564 3066 Cotta
580 2994 616 3064 in
632 2997 783 3092 porticu,
806 2999 946 3092 repente·
968 3018 1011 3064 eo
1039 2997 1092 3087 Q.

118 3101 254 3176 Catulus
281 3103 379 3177 senex
395 3120 474 3177 'cum
491 3104 533 3177 C.
550 3103 636 3176 lulio
648 3103 750 3176 sratre
773 3105 883 3180 uenit.¹
903 3101 1010 3196 Quod
1027 3102 1090 3174 ubi·

120 3211 269 3301 audivit,
293 3233 484 3288 commotus
504 3214 636 3288 Crassus
653 3213 814 3305 ίιιιιειιίι,Ι
827 3211 1010 3310 omnesque
1025 3212 1085 3283 ad-

115 3318 243 3406 mirati,
263 3324 425 3393 maiorem
439 3323 581 3421 aliquam
593 3322 659 3394 elle
684 3321 813 3395 causam
828 3344 947 3395 eorum
960 3318 1091 3392 adven.

66 3460 93 3512 ι,
114 3443 167 3498 tus
195 3373 348 3520 suspicati
370 3429 458 3502 sunt.
493 3432 564 3523 Qui
591 3454 667 3503 cum
686 3431 791 3501 inter
789 3427 853 3519 se,
871 3448 909 3500 ut
933 3425 1089 3524 ipsorum

16 3554 18 3559 ’
88 3534 189 3608 usus
212 3521 364 3626 ferebat,
385 3539 575 3612 amiciffime
595 3525 872 3627 consalutaffent,
894 3534 995 3638 Quid
1018 3557 1088 3608 vos

114 3645 272 3719 tandem?
305 3647 469 3738 Crassus,
489 3674 571 3729 num
599 3647 816 3744 quidnam,
807 3645 936 3744 1nquit,
964 3643 1086 3717 novi?

112 3751 205 3829 Nihil
217 3753 339 3847 sane,
331 3757 440 3855 inquit
458 3753 619 3829 Catulus:
637 3755 759 3831 etenim
772 3756 866 3831 uides
879 3753 944 3829 esse
958 3753 1081 3829 ludos-t·

36 3909 40 3921 .

63 3976 83 4024 ι
