2302 4304
399 287 725 379 ORATOR
962 312 1039 382 my

75 450 179 525 ratior
195 447 318 538 fermr,
341 465 373 520 et
395 449 435 522 de
456 448 581 522 bellicis
607 448 704 520 rebus
726 447 813 521 canit
832 447 930 521 etiam
948 472 1034 545 quo-

75 561 262 639 dammodo
275 558 428 631 bellicum
443 585 453 628 r
477 556 655 654 primisque
677 557 783 630 abhis
798 555 854 653 (ut
865 556 909 628 ait
921 558 1038 632 Theo·

73 669 248 770 phrastus)
264 669 397 742 historia
411 688 582 751 commota
594 667 640 740 est
654 722 665 757 ,
677 684 714 739 ut
729 667 862 738 auderet
882 667 1035 755 uberius,

70 805 176 876 qnam
194 780 394 877 superiores,
420 796 453 851 et
468 780 613 851 ornatius
638 780 757 850 dicere.
793 779 927 848 Horum
940 779 1035 851 aetati
1060 793 1100 866 13

71 885 224 961 sueceffit
240 887 423 974 Isocrates,
443 886 499 981 qui
527 905 656 980 praeter
674 900 801 954 ceteros
819 880 964 953 eiusdem
978 907 1036 978 ge·
1055 906 1087 952 ιο

70 1000 163 1100 neris
190 999 337 1071 laudatur
361 997 487 1093 semper
507 994 660 1080 anobis3
675 1017 937 1090 nonnunquam,
956 995 1040 1064 Bru-

69 1125 134 1194 te,
160 1103 278 1177 leniter
300 1122 332 1176 et
354 1104 481 1177 erudite
497 1113 700 1200 repugnante
719 1118 762 1174 te.
792 1101 847 1173 sed
864 1101 959 1172 cedas
973 1101 1037 1184 mi·

68 1215 106 1287 hi
123 1209 260 1284 fortasse
271 1265 281 1300 ,
293 1211 338 1301 sr,
361 1211 442 1308 quid
450 1210 486 1280 in
504 1234 546 1281 eo
557 1209 705 1295 laudern,
722 1209 934 1304 cognoveris.
947 1211 1037 1283 Nam

67 1350 151 1398 cum
167 1319 316 1396 concisus
337 1322 368 1392 ei
391 1318 657 1419 Thrasymachus
675 1318 810 1389 minutis
827 1318 971 1393 numeris
983 1322 1037 1393 vi-

67 1432 230 1517 deretur,
260 1444 292 1527 et
315 1425 487 1524 Gorgias,
512 1425 569 1524 qui
596 1444 705 1498 tamen
733 1425 831 1522 primi
860 1428 1036 1501 traduntur

65 1555 138 1611 arte
183 1536 325 1633 quadam
348 1537 450 1608 verba
477 1533 645 1618 vinxiffe3
687 1533 889 1606 Theodorus
921 1554 1031 1635 autern

65 1647 307 1746 praesraslior,
323 1673 384 1721 nec
398 1646 472 1720 satis
496 1644 551 1744 (ut
569 1647 614 1718 ita
626 1643 751 1741 dicam)
771 1645 951 1717 rotundus:
965 1645 1039 1742 pri-

64 1784 144 1832 mus
159 1757 294 1830 instituit
319 1757 450 1829 dilatare
472 1757 608 1846 verbis,
632 1777 665 1827 et
688 1753 897 1827 mollioribus
916 1782 1037 1833 nume·

65 1871 114 1946 ris
127 1871 259 1966 explere
278 1868 459 1944 sententias.
489 1872 547 1947 ¹ln
565 1894 636 1967 quo
650 1894 724 1942 cum
740 1868 876 1942 doceret
889 1893 959 1960 eos,
973 1871 1037 1966 qui
1125 1940 1127 1944 ,

63 1980 191 2077 partim
210 1980 246 2052 in
268 1980 437 2066 dicend0,
467 1981 587 2076 partim
612 1982 648 2052 in
674 1982 851 2055 scribendo
866 1983 1039 2080 principes

62 2087 283 2178 exstiterunt,
307 2091 427 2162 domus
446 2092 516 2165 eius
538 2093 671 2166 officina
693 2093 803 2166 habita
823 2095 1031 2192 eloquentiae
1080 2131 1087 2142 ·

63 2199 125 2273 est.
155 2202 269 2297 ltaque
296 2224 431 2298 utego,
454 2227 532 2276 cum
556 2202 698 2274 anostro
719 2203 853 2275 Catone
864 2204 1030 2293 laudabar,
1047 2234 1081 2282 ιι

63 2309 125 2384 irel
143 2307 338 2404 reprehendi
354 2330 437 2377 mea
450 2305 567 2376 ceteris
580 2304 673 2377 facile
699 2308 868 2402 patiebare
896 2307 939 2380 fic
963 2309 1040 2381 Iso--

62 2433 174 2490 crates
204 2415 337 2487 videtur
359 2411 550 2483 testimonio
578 2412 723 2486 Platonis
747 2414 888 2486 aliorum
909 2416 1034 2491 iudicia'

60 2525 190 2597 debere
211 2544 435 2596 contemnere.
472 2516 526 2592 Est
541 2521 631 2591 enirn
654 2519 709 2617 (ut
723 2520 803 2620 scis)
820 2523 910 2621 quasi
921 2524 954 2597 in
969 2551 1034 2599 ex·

59 2655 175 2710 trema
191 2633 310 2731 pagina
334 2630 473 2704 Phaedri
486 2630 536 2701 his
550 2629 625 2725 ipsrs
635 2628 749 2702 verbis.
763 2629 902 2728 loquens
913 2633 1039 2706 Socra·

60 2764 139 2817 tes:
169 2741 357 2834 Adolescens
385 2743 479 2811 etiem
503 2766 608 2827 nune,
631 2767 654 2810 o
672 2742 812 2812 Phaedre
833 2795 848 2830 ,
881 2743 1036 2835 Istreretes

59 2856 105 2958 est
115 2881 129 2923 .·
137 2855 202 2946 sed
220 2857 352 2948 quidde
372 2845 431 2924 illo
443 2880 598 2948 augurer,
623 2856 702 2924 lubet
716 2857 822 2927 dicere.
849 2857 944 2950 Quid
953 2881 1033 2928 tan-

59 2968 165 3036 dem?
193 2966 299 3058 inquit
324 2968 384 3037 ille.
426 2969 550 3036 Maiore
562 2967 643 3036 milri
667 2969 793 3064 ingenio
819 2968 941 3038 viderur
961 2967 1037 3062 effe,

60 3103 162 3171 quam
189 3098 226 3144 ιιι
239 3102 307 3146 eum
321 3077 516 3146 orationibus
530 3075 607 3174 Lys
590 3105 639 3147 ae
654 3098 853 3167 comparetur.
888 3077 1030 3143 Braerer-

59 3215 99 3260 ea
127 3189 175 3256 ad
191 3189 333 3259 virtutem
352 3190 461 3285 maior·
479 3191 625 3269 indoles·
651 3211 686 3259 ut
705 3186 834 3256 minime
853 3209 966 3253 mertem
970 3184 1038 3275 fre*

59 3325 172 3374 turum
193 3323 219 3372 ιι
232 3300 295 3399 ,β
277 3331 317 3390 ι,
341 3329 412 3374 eum
436 3325 533 3374 aetate
543 3282 720 3398 proeefferit
731 3351 744 3384 ,
776 3320 833 3369 aut
853 3300 890 3369 ier
912 3299 1030 3370 leoco-

58 3411 227 3481 rationum
236 3436 367 3505 genere,
393 3413 444 3482 eui
458 3436 542 3479 nune
549 3408 682 3509 studet,
703 3430 827 3479 ιιιιιιιιιι
837 3462 850 3496 ,
875 3431 1040 3505 petentum

52 3519 195 3613 pueris,
220 3521 347 3641 rediquis
366 3520 494 3621 praestet
511 3518 664 3587 omnibus-
674 3569 688 3603 ,
713 3519 768 3611 qui
793 3545 930 3612 unquam
952 3543 1035 3585 ora-

59 3629 169 3696 tiones
194 3630 393 3722 ιιιιίςιιιιιιι,ο
430 3648 508 3711 aut,
518 3623 557 3722 β
540 3646 730 3695 ιιοιιιιιιιιιι
754 3627 804 3696 lais
830 3651 894 3693 non
907 3623 1037 3714 fuerit,

57 3740 179 3811 diemo
205 3741 310 3834 aliquo
333 3739 438 3810 animi
456 3758 546 3808 motu
566 3737 687 3809 maiora
712 3734 924 3826 concupiscat.
946 3734 1034 3836 Ιιιιβ

714 3831 836 3921 Dd4
