2302 4304
122 486 185 555 res,
205 484 240 539 et
261 466 295 538 in
318 466 495 563 quodam
486 467 610 567 ingenii
632 486 755 568 atque
754 469 1000 545 exercitationis
1024 498 1085 583 ge·

123 597 203 645 nere
228 573 427 677 ponendam.
1096 572 1099 578 ’

92 683 222 756 ‘Ac
252 683 335 756 mihi
364 684 498 783 quidem
517 685 797 811 saepenumero
787 713 822 758 1n
854 687 1000 761 summos
1017 689 1083 761 bo-
1118 749 1120 753 .

123 795 229 869 mines
252 821 289 872 ac
313 795 476 870 summis
467 797 605 894 ingeniis
623 796 816 893 praeditos
807 799 962 888 intuenti,
980 822 1084 895 quae

76 941 78 945 ·
123 906 263 978 rendtun
292 905 356 979 esse
387 903 495 981 uisum
521 903 587 995 est,
609 905 689 1004 quid
702 905 803 996 esset,
830 932 889 981 cur
915 909 1022 1004 plures
1048 908 1084 979 in

125 1014 281 1086 omnibus
304 1015 428 1102 rebus,
455 1039 556 1110 quam
581 1012 617 1083 in
639 1012 781 1084 dicendo
794 1011 999 1084 admirabiles
1025 1036 1084 1107 ex·

124 1123 284 1197 stitislent
306 1150 399 1211 narn,
421 1146 621 1222 quocunque
640 1142 673 1194 te
696 1121 808 1201 animo
826 1141 859 1193 et
880 1119 1084 1218 cogitatione

125 1233 348 1322 converteris,
376 1232 559 1331 permultos
581 1230 776 1304 excellentes
802 1229 838 1300 in
865 1254 998 1326 quoque
1025 1253 1085 1326 ge·

126 1349 206 1417 nere
233 1332 469 1436 videbiscnon
494 1343 713 1421 mediocrium
736 1341 877 1431 artium,
900 1339 954 1412 sed
978 1366 1086 1438 prope

92 1448 357 1538 lpmauin'tarum,¹
381 1455 466 1549 Quis
481 1453 578 1557 ¹enim
598 1451 665 1542 est,
688 1450 767 1550 qui,
789 1451 815 1525 st
835 1453 1005 1526 clarorum
1022 1454 1086 1525 ho-

128 1561 256 1635 minum
272 1561 440 1657 scientiam
454 1589 565 1642 rerum
593 1559 755 1661 gestarum
784 1565 840 1640 vel
866 1567 1004 1640 utilitate
1031 1569 1087 1641 vel

131 1674 359 1772 magnitudine
375 1672 486 1747 metiri
475 1674 597 1762 velit,
612 1663 683 1751 non
696 1695 875 1779 anteponat
887 1678 1015 1750 oratori
1027 1679 1088 1750 im·

129 1789 343 1889 peratoremi
382 1789 458 1888 quis
486 1813 597 1870 autem
624 1790 771 1914 dubitet,
799 1792 880 1890 quin
901 1792 975 1865 belli
989 1794 1089 1866 duces

36 1890 417 1995 praestantissimos
446 1923 487 1970 ex
501 1899 563 1973 hac
576 1924 642 1973 una
654 1898 788 1978 civitate
801 1926 885 1996 pene
899 1903 1088 1975 innumera·

127 2007 257 2100 biles‚'
248 2035 295 2079 in
307 2008 449 2081 dicendo
463 2029 574 2083 autem
587 2009 833 2090 excellentes
799 2037 859 2083 vrx
873 2035 994 2106 paucos
1008 2035 1090 2106 pro-

100 2118 219 2197 aserre
244 2119 433 2217 poffimusi
464 2123 533 2193 lam
565 2145 677 2211 vero,
705 2120 842 2194 confilio
868 2147 907 2194 ac
933 2120 1091 2217 sapientia

130 2232 190 2331 qui
221 2255 336 2328 regere
366 2255 404 2305 ac
435 2231 618 2327 gubernare
662 2229 897 2328 rempublicam
935 2229 1065 2326 possent
1078 2284 1093 2320 ,v

116 2338 228 2417 ‚multi
256 2337 386 2428 nostra,
401 2337 509 2433 plures
531 2361 661 2436 patrum
680 2339 857 2428 memoria,
879 2357 976 2436 atque
991 2338 1091 2410 etiam

89 2437 93 2444 ¹
133 2448 302 2523 maiorum
325 2446 542 2537 exstiterunt,
565 2471 641 2521 cum
669 2446 751 2518 boni
772 2447 888 2543 perdiu
913 2442 991 2521 nulli
1005 2500 1016 2536 ‚
1031 2447 1092 2519 vix

133 2582 243 2647 aurem
269 2558 400 2655 singulis
424 2559 581 2655 aetatibus
599 2544 716 2656 singuli
732 2553 915 2630 tolerabiles
942 2577 1095 2633 oratores

75 2733 82 2765 ἡ
134 2665 375 2743 invenirentur,
406 2665 484 2754 Ac,
505 2664 638 2760 nequis
660 2663 749 2747 sorte
775 2691 850 2737 cum
876 2666 944 2739 aliis
969 2664 1093 2757 studim,

136 2802 222 2874 quae
248 2773 429 2855 reconditis
452 2773 487 2844 in
514 2773 654 2858 artibuS,
680 2793 778 2870 atque
799 2773 835 2844 in
861 2776 1001 2871 quadam
1028 2803 1093 2850 va·

136 2886 252 2966 rietate
275 2884 443 2965 literarum
465 2881 664 2977 uersentur,
683 2881 786 2978 magis
799 2883 883 2955 hanc
897 2885 1025 2959 dicendi
1038 2914 1096 2958 ra·.

137 2997 292 3085 tionem,
318 3019 417 3091 quam
445 3017 519 3077 cum
546 2990 755 3087 imperatoris
784 2991 904 3084 laude,
935 3015 990 3066 aut
1017 3021 1095 3074 cum

137 3106 221 3181 boni
239 3105 399 3178 senatoris
416 3101 589 3200 prudentia
611 3102 866 3198 comparandam
879 3119 972 3197 putet
985 3128 997 3188 3
1012 3129 1096 3176 con-

139 3241 249 3295 vertat
281 3217 428 3295 animum
460 3215 501 3286 ad
532 3237 572 3297 ea
606 3210 675 3309 ipsa
707 3212 826 3294 artium
857 3237 1000 3309 genera,
1027 3215 1096 3287 cir,

140 3329 419 3426 cumspiciarque‚
458 3325 516 3424 qui
549 3323 653 3396 iniis
687 3323 896 3414 floruerint,
931 3349 1099 3420 quamque-

142 3441 262 3512 multi.
294 3438 339 3511 stc
370 3436 547 3558 facillime,
574 3456 695 3534 quanta
721 3455 893 3509 oratorum
919 3432 982 3522 sit,
1008 3433 1099 3505 sem-t

99 3574 120 3649 ς
143 3574 298 3647 perque
288 3544 408 3619 suerit
408 3545 576 3664 paucitas,
607 3542 774 3627 iudicabit.
806 3544 923 3638 Neque
949 3543 1037 3613 enim
1063 3562 1101 3616 to

72 3654 254 3766 9sugit,
281 3653 399 3726 attium
436 3651 586 3727 omniun
614 3650 816 3723 laudatarum
841 3648 1099 3744 procreatricem

144 3762 389 3862 quandam,t
354 3779 389 3846 et
401 3759 489 3863 quast
504 3777 676 3903 parentem
689 3785 787 3850 earn,
802 3781 900 3860 quarn
918 3765 1102 3861 ciaocoprau

63 3926 139 4048 ἱ
