2302 4304
104 319 212 390 nn
342 284 900 369 ‘oaounrona

137 457 211 534 Iulii
235 455 344 531 fratris
375 455 482 553 capite
511 457 632 547 iacuit,
660 475 697 530 ut
724 456 798 545 ille,
826 457 884 553 qui
900 455 991 529 baec
1023 482 1094 533 non

137 567 246 657 vidit,
272 588 307 640 et
338 565 457 640 vixiffe
489 593 564 641 cum
596 565 764 664 repubb'ca
790 565 931 662 pariter,
959 582 993 638 et
1017 592 1095 639 cum

136 674 193 749 illa
227 672 322 748 fimul
353 670 525 746 exstindus
554 672 619 744 effe
652 672 812 745 videatur.
852 672 971 768 Neque
1005 677 1094 744 enim

138 784 365 884 propinqumn
386 781 491 869 snum,
513 780 652 854 maximi
671 779 772 851 animi
793 780 917 869 virum,
940 783 977 857 P.
1001 783 1097 855 Cras·

19 943 22 947 ·
138 891 235 982 sum,
270 888 381 990 suapte
412 889 619 964 intersectum
656 895 775 976 manu,
805 910 913 984 neque
948 888 1096 986 collegae

71 1012 74 1021 '
138 1002 208 1095 sui,
233 1001 402 1102 pontificis
418 1002 591 1092 maximi,
620 1001 770 1101 sanguine
794 1000 1004 1077 srmula'crum
1026 1007 1096 1074 Ve-

139 1115 206 1191 stae
228 1115 405 1214 respersum
434 1114 499 1187 effe
521 1115 621 1188 vidit:
643 1114 697 1187 cui
717 1114 866 1185 moerori
882 1111 968 1212 (qua
984 1138 1096 1189 mente

139 1224 193 1298 ille
220 1226 256 1298 in
287 1226 427 1323 patriam
454 1222 545 1322 fuit)
573 1225 672 1297 etiam
700 1223 740 1296 C.
777 1225 961 1315 Carbonis,
987 1227 1097 1300 inimi-

38 1365 41 1372 ·
140 1331 259 1406 ciffimi
280 1332 445 1417 hominis,
468 1333 587 1404 eodem
613 1331 671 1405 illo
698 1330 751 1403 die
775 1358 866 1406 mors
891 1333 1018 1408 nefaria
1042 1335 1098 1408 fu·

94 1477 122 1518 u
141 1439 222 1513 iden
259 1441 340 1512 Non
366 1440 452 1514 vidit
488 1465 606 1514 eorum
639 1441 808 1538 ipsorum,
836 1445 895 1542 qui
918 1449 1099 1535 tumado-

142 1549 298 1626 lescentes
329 1551 447 1624 Craffo
483 1552 515 1624 se
545 1553 710 1644 dicarant,
742 1555 914 1628 horribiles
946 1557 1102 1633 miseros-

140 1685 207 1761 que
227 1661 327 1737 casus.
352 1663 404 1734 Ex
429 1661 548 1760 quibus
570 1664 611 1734 C.
635 1664 759 1752 Cotta,
781 1688 880 1761 quem
899 1663 951 1743 ille
974 1664 1103 1748 floren-

28 1818 32 1823 ·
141 1787 209 1845 tem
241 1772 436 1871 reliquerat,
463 1774 574 1871 paucis
601 1775 715 1847 diebus
736 1771 811 1872 post
831 1791 975 1871 mortem
996 1776 1102 1851 Craffi

75 1900 80 1912 ‘
140 1881 293 1979 depulsus
327 1906 386 1979 per
425 1881 595 1972 invidiamw
621 1882 802 1972 tribunatu,
828 1907 898 1954 non
921 1883 1035 1957 multis
1059 1885 1105 1956 ab

133 2019 186 2075 ,eo
217 2017 369 2092 tempore
404 1994 567 2069 mensibus
593 1995 714 2068 eiectus
728 1994 786 2067 est
806 2020 825 2066 e
847 1995 994 2071 civitate.
1032 1994 1104 2070 Sul-
1143 2058 1147 2067 .

142 2107 248 2205 picius
279 2127 411 2198 autem,
437 2107 554 2207 quiin
580 2108 696 2180 eadem
721 2094 869 2181 invidiae
895 2105 1032 2179 flamma
1051 2109 1106 2182 fir·

142 2217 235 2311 isset,
265 2219 460 2318 quibuscum
493 2220 639 2316 privatus
666 2218 926 2293 coniundiffime
951 2220 1105 2313 vixerat,

139 2328 270 2406 bos'in
288 2331 456 2405 tribunatu
482 2330 621 2428 spoliare
643 2330 780 2405 instituit
802 2334 897 2406 omni
923 2332 1104 2429 dignitate:

141 2443 199 2516 cui
224 2440 360 2541 quidem
385 2442 427 2513 ad
454 2440 615 2514 summam
641 2440 780 2538 gloriam
807 2441 1016 2539 eloquentiae
1040 2444 1105 2517 flo-

141 2552 303 2643 rescenti,
331 2552 424 2625 ferro
450 2573 561 2651 erepta
586 2551 744 2642 vitaest,
769 2573 802 2626 et
828 2577 939 2650 poena
966 2555 1129 2628 temeri*

107 2738 111 2745 ,
141 2661 215 2733 tatis
242 2684 312 2732 non
337 2659 405 2732 sine
429 2684 551 2760 magno
578 2661 777 2758 reipublicae
800 2663 890 2734 malo
916 2662 1105 2738 constituta.

110 2797 125 2834 ²
142 2775 215 2870 Ego
237 2794 322 2846 vero
343 2774 399 2863 te,
421 2774 554 2863 Craffe,
577 2791 656 2848 'cum
677 2775 889 2864 vitaerflore',
915 2795 992 2873 tum·
1013 2804 1125 2860 mors

140 2883 183 2958 tis
217 2884 485 2980 opportunitate,
517 2887 634 2966 divino
672 2888 810 2962 consrlio
841 2906 878 2960 et
907 2913 1046 2978 ortum,
1071 2912 1107 2967 et

139 2988 334 3063 exstitiuum
369 2988 434 3064 effe
459 2994 613 3071 arbitror.
653 3022 730 3070 nam
756 2998 817 3070 tibi
839 3016 913 3089 aut,
937 3026 1003 3097 pro
1031 3003 1105 3076 vir-

140 3126 212 3177 tute
242 3103 344 3176 animi
379 3103 623 3204 constantiaque
649 3131 736 3201 tua,
763 3111 869 3186 civilis
897 3110 980 3184 ferri
1011 3114 1107 3188 subn·

72 3225 87 3238 ·
140 3215 229 3288 unda
259 3216 322 3293 fuit
350 3218 544 3310 crudelitas,
579 3239 655 3312 aut,
688 3223 713 3294 st
744 3243 863 3322 quate
895 3224 1034 3298 fortuna
1064 3227 1108 3298 ab

140 3325 312 3398 atrocitate
347 3328 477 3402 'mortis-
498 3330 715 3424 vindicasset,
745 3333 864 3405 eadem'
890 3333 958 3406 effe
992 3351 1027 3421 te
1050 3333 1106 3407 fu·

23 3440 26 3447 ’
140 3461 258 3511 nerum
292 3440 415 3535 patriae
449 3441 664 3538 spediatorem
700 3445 876 3542 coegisset:
913 3471 1023 3543 neque
1048 3447 1106 3520 so·

139 3543 211 3620 lum
234 3544 296 3620 tibi
313 3545 554 3642 [improborum
585 3551 785 3643 dominatus,
806 3555 863 3627 sed
887 3555 987 3629 etiam
1008 3581 1128 3653 propr

141 3673 194 3731 ter
229 3655 396 3730 admistam
423 3659 550 3735 civium
577 3663 727 3749 caedem,
761 3666 932 3739 bonorum
966 3666 1111 3740 vinoria

99 3765 295 3855 'qmoerori
312 3764 448 3846 -.fuiffet.
481 3765 569 3857 Mihi
592 3766 748 3866 quidem,
774 3770 903 3865 Quinte
931 3769 1056 3866 frater,
1072 3787 1114 3847 et
