2302 4304
104 280 182 401 '236
355 280 858 358 DEORATORE

68 494 71 499 .
110 438 260 535 quaestor
272 437 307 512 in
325 441 397 513 Asta
410 468 487 516 curn
498 444 621 536 essem,
635 446 803 543 aequalem
816 445 885 519 sere
894 470 1011 519 meum
1023 472 1072 522 ex

111 548 288 623 Academia
310 549 478 624 rhetorem
507 554 644 643 naslus,
678 555 911 631 Metrodorum
947 555 1070 646 illurn,

113 658 153 729 de
172 661 263 731 cuius
281 660 442 731 memoria
455 658 741 734 commemoravit.
755 662 944 749 Antonius}
971 679 1005 734 et
1015 663 1073 734 in·

112 768 155 841 de
179 770 364 860 decedens,
389 771 560 844 Athenis:
589 773 648 843 ubi
664 796 727 870 ego
753 774 873 847 diutim
886 775 987 848 essem
996 799 1070 847 mo·

112 894 222 968 ratus,
249 877 307 950 nin
322 879 587 972 Athenienfibus,
604 881 696 980 quod
707 880 863 980 mysteria
874 906 945 954 non
965 881 1074 954 refer-

113 1010 207 1078 rent,
233 989 276 1060 ad
291 1015 374 1087 quae
388 990 491 1064 biduo
505 992 606 1064 serius
621 1016 794 1081 veneram,
815 992 1072 1065 succensuissem.

114 1098 227 1223 Quare
244 1101 338 1190 hoc,
383 1104 476 1200 quod
506 1101 710 1200 compleslor
752 1120 874 1174 tantam
903 1103 1072 1176 scientiam

114 1209 249 1308 vimque
274 1213 468 1303 doslrinae,
503 1240 573 1287 non
594 1215 699 1289 modo
719 1238 790 1286 non
812 1237 876 1310 pro
902 1239 984 1304 me,
1020 1214 1074 1286 sed

115 1338 232 1392 contra
259 1345 314 1393 me
336 1321 532 1424 estpotius,
548 1321 770 1423 (nonenim,
801 1323 880 1420 quid
898 1346 989 1420 ego,
1020 1323 1075 1395 sed

76 1400 197 1526 quid
209 1453 325 1505 orator
336 1433 448 1529 possit,
463 1434 611 1531 disputo·
625 1433 641 1535 )
658 1453 754 1533 atque
770 1436 833 1509 hos
847 1460 991 1526 omnes,
1018 1437 1078 1534 qui

116 1543 395 1643 artesrhetoticas.
420 1572 609 1645 exponunt,
647 1546 893 1673 perridic'ulos.
923 1546 1078 1618 Scribunt

117 1652 207 1724 eninr
238 1652 281 1726 de
313 1654 420 1728 litium
453 1681 597 1777 genere,
624 1677 658 1731 et
689 1659 732 1731 de
754 1655 941 1755 principiis,
974 1675 1010 1731 et
1037 1657 1079 1729 de

71 1774 105 1839 76
120 1758 371 1834 narrationibus
418 1761 523 1838 Illa
489 1789 541 1837 vis
564 1779 673 1835 autern
691 1763 896 1860 eloquentiae
910 1783 1003 1837 tanta
1020 1762 1078 1853 est,

119 1888 157 1942 ut
179 1873 330 1944 omnitun
344 1898 472 1964 return,
499 1875 687 1965 vituturm,
710 1875 921 1961 officioumt,
949 1868 1085 1943 omnis-³

120 2004 187 2078 que
208 2004 363 2075 nauatae,
384 2010 469 2084 quae
486 2011 597 2058 mores
619 1985 918 2081 hominum-quae
931 1981 1080 2068 animos,

120 2117 204 2191 quae
228 2094 332 2171 vitant
345 2098 510 2186 continet,
535 2097 719 2194 originem,
743 2095 838 2180 vim,
862 2090 1083 2167 mutationes-

120 2223 186 2296 que
210 2222 337 2291 teneat;
365 2205 478 2277 eadem
503 2227 639 2290 mores,
664 2206 769 2302 leges,
792 2204 864 2276 iura
893 2201 1081 2289 describat,

121 2311 356 2406 rempublicam
371 2331 485 2412 regat,
498 2312 676 2409 omniaque
687 2365 697 2401 ,
708 2312 751 2382 ad
762 2303 995 2409 quamcunque
1008 2333 1081 2381 rent

60 2453 104 2500 ιτ
121 2423 327 2518 pertineant,
356 2444 498 2515 ornate,
525 2421 725 2521 copioseque
739 2421 837 2495 dicat.
886 2424 934 2492 In'
947 2444 1017 2517 quo
1032 2444 1083 2518 ge·

57 2544 60 2549 ’
123 2564 200 2610 nere
223 2564 286 2612 uos
305 2540 441 2636 quidem
454 2539 624 2615 versamur
638 2555 791 2624 tantum,
819 2551 982 2633 quantum
999 2533 1083 2632 pos-

122 2649 255 2740 sumus,
281 2668 440 2747 quantum
456 2651 618 2749 ingeni0,
642 2672 801 2748 quannun
815 2647 978 2720 mediocri
997 2646 1084 2718 doc-

122 2757 232 2851 trina,
260 2779 417 2859 quanmm
450 2762 508 2834 usu
534 2761 701 2834 valemus:
723 2781 831 2854 neque
858 2772 969 2828 tamen
993 2753 1083 2845 istis,

123 2874 182 2970 qui
209 2873 243 2945 in
276 2899 341 2946 una
365 2873 579 2973 phdosophia
603 2869 693 2967 quast
720 2868 965 2943 tabernaculum
991 2866 1084 2943 vitae

123 2983 199 3058 suee
216 2983 443 3071 collocarunt,
470 2981 611 3054 multum
624 2980 698 3051 sane
718 2981 753 3050 in
767 2977 989 3074 disputatione
1001 2998 1090 3048 con··

63 3142 102 3187 2,
124 3093 279 3166 cedimus
327 3093 420 3186 Quid
439 3091 527 3165 enim
551 3114 646 3161 meus
675 3087 853 3160 sarniliaris
869 3087 911 3157 C.
940 3084 1089 3157 Velleius

75 3204 240 3288 sufferre
257 3203 393 3300 potest,
425 3201 645 3300 quamobrem
673 3198 830 3293 voluptas
854 3195 892 3267 su
919 3193 1085 3266 sumntum

124 3312 273 3401 bonum,
297 3314 390 3410 quod
408 3338 472 3409 ego
493 3335 562 3383 non
587 3309 752 3406 copiosius
766 3306 884 3403 possnn
902 3304 958 3377 vel
971 3295 1088 3392 trctari,

125 3425 290 3514 fivelim,¹
323 3426 378 3497 vel
395 3424 543 3497 resellete
563 3448 604 3494 ex
623 3421 684 3494 illis
702 3419 810 3539 locis,
833 3442 920 3536 quos
932 3414 1089 3512 exposuit

125 3534 314 3621 Antonius,
338 3531 399 3605 hac
419 3531 549 3605 dicendi
565 3526 825 3615 exercitatione,
849 3525 882 3594 in
896 3548 962 3620 qua
982 3521 1091 3593 Velle·

33 3690 35 3694 ·
125 3648 175 3720 ius
192 3645 238 3722 est
254 3644 363 3734 rudis,
385 3639 602 3739 unusquisque
621 3635 768 3710 nostnrm
796 3630 972 3708 versatim?
992 3629 1089 3721 Quid

126 3758 197 3851 est,
221 3760 314 3857 quod
335 3777 390 3832 aut
409 3760 483 3830 Sex.
505 3751 706 3851 Pompeius,
727 3765 784 3822 aut
802 3747 871 3820 duo
893 3742 1012 3833 balbi,
1031 3757 1092 3827 aut
