2302 4304
137 311 207 406 3ffi
298 336 315 381 s
458 294 787 397 BRUTun.
919 326 924 332 ·

136 466 323 567 principem
347 485 445 562 atque
465 463 678 536 inventorem
703 457 821 555 copiae
844 457 992 547 dixerit,
1017 482 1093 557 quae

138 592 209 648 erat
228 598 347 670 magna
370 573 458 659 laus,
484 568 540 642 led
561 568 660 641 etiam
686 567 769 641 bene
790 567 948 647 meritum
974 569 1016 641 de
1036 594 1093 666 po·

141 688 212 788 puli
231 686 376 760 Romani
396 682 531 755 nomine
557 704 591 753 er
610 679 779 777 dignitate.
807 703 878 777 quo
916 679 1007 753 enirn
1032 704 1095 752 uno

141 799 361 873 vincebamur
386 820 405 866 a
427 795 515 868 vitta
532 792 691 876 Graecia,
726 790 762 863 id
782 806 838 862 aut
866 811 1020 889 ereptum
1039 789 1096 864 illis

140 908 207 995 ell,
247 927 303 979 aur
339 923 427 978 certe
463 900 563 974 nobis
597 898 765 973 cumillis
807 898 1096 971 communicatum

77 1050 119 1100 255
139 1021 237 1091 Hanc
267 1032 402 1105 autem,
444 1013 572 1109 inquit,
611 1009 776 1108 gloriam,
810 1008 1097 1108 testimoniumque

140 1127 310 1213 Caesaris,
334 1144 408 1198 tuae
426 1124 563 1222 quidem
585 1119 816 1218 supplicationi
838 1144 936 1207 non,
969 1119 1027 1194 sed
1041 1118 1097 1194 tri·

142 1237 277 1336 umpbis
302 1237 484 1308 multotum
519 1256 702 1331 antepono.
760 1232 803 1307 Et
830 1232 919 1312 rede
950 1231 1098 1330 quidem,

139 1354 294 1449 inquam,
316 1351 432 1421 Brute:
458 1345 565 1418 modo
582 1344 620 1417 lit
639 1344 706 1417 hoc
719 1341 867 1415 Caesaris
879 1341 1017 1434 iudicii,
1035 1368 1099 1419 nott

142 1457 393 1534 benevolentiae
416 1454 652 1535 testimonium.
672 1452 747 1551 plus
765 1453 855 1526 enim
878 1471 973 1526 certe
998 1451 1116 1547 attulit¹

131 1570 219 1644 ·huic
237 1568 366 1666 populo
392 1566 577 1666 dignitatis,
607 1564 752 1663 quisquis
772 1561 820 1636 est
839 1561 916 1656 ille,
947 1563 974 1639 fi
996 1565 1096 1637 modo

142 1679 190 1754 est
215 1678 352 1778 aliquis,
383 1680 441 1779 qui
468 1705 539 1752 non
566 1678 739 1752 illustravit
760 1678 889 1768 modo,
925 1676 985 1750 led
1005 1678 1097 1751 etiam

142 1791 254 1893 genuit
266 1792 302 1864 in
320 1793 381 1867 hac
401 1792 483 1865 urbe
501 1792 633 1867 dicendi
651 1791 805 1888 copiam,
828 1816 931 1890 quam
953 1789 1023 1880 illi,
1043 1787 1096 1888 qui

142 1902 302 1999 Ligurum
322 1898 451 1974 castella
472 1918 764 1999 expttgnavertrnt3
794 1929 839 1978 ert
864 1901 1097 2005 quibusmulri

78 2008 1097 2110 wmnmfflmmmffl.wmwfflmfim

144 2116 215 2193 dire
241 2121 419 2210 volumus,
446 2123 570 2195 o'millis
601 2123 662 2197 illis
689 2125 812 2197 divinis
837 2124 1001 2217 consiliis,
1015 2122 1098 2223 qui·
1139 2112 1141 2117 ⁵

74 2226 1097 2332 ³bmfflmoefflmwffimemmfflmmss

142 2344 192 2417 lus
213 2344 355 2419 civitatis
376 2365 432 2415 aut
457 2343 555 2435 belli,
580 2362 636 2416 aut
663 2341 776 2428 domi;
804 2342 911 2415 multo
938 2340 1041 2440 magis
1057 2361 1097 2412 o·

143 2474 237 2528 rator
260 2454 400 2552 praestat
427 2453 562 2528 minutis
597 2456 858 2551 imperatoribus.
900 2457 950 2527 tlt
970 2451 1098 2552 prodest

143 2565 216 2661 plus
248 2563 439 2659 imperator.
487 2564 574 2658 Quis
610 2564 733 2661 negati
768 2563 823 2636 sed
850 2565 985 2653 tamen,
1015 2561 1097 2660 (non

141 2692 255 2746 metuo
287 2695 328 2741 ne
352 2671 433 2744 mibi
464 2673 668 2746 acclametis:
703 2671 750 2745 est
776 2695 884 2746 aurem
911 2671 1010 2767 quod
1031 2669 1098 2742 sen·

141 2778 221 2865 tias,
265 2780 396 2853 dicendi
419 2781 502 2855 liber
526 2781 660 2880 locust)
691 2783 804 2856 malim
835 2783 918 2856 mihi
941 2784 979 2853 L
999 2779 1097 2855 Cralli

130 2888 242 2962 'unam
264 2914 334 2986 pro
351 2891 409 2968 Μ’.
430 2894 536 2969 Curio
559 2896 760 2984 diffinmm,
790 2919 888 2990 quam
912 2891 1097 2966 castellanos

141 2996 457 3093 nmmmwm
520 3000 1096 3097 mmmmfflmfflwffim

130 3108 307 3185 'castellum
334 3113 408 3208 capi
430 3111 608 3209 Ligurum,
637 3139 735 3209 quam
758 3113 841 3186 bene
863 3109 1004 3186 defendi
1024 3138 1097 3187 cau·

75 3233 123 3285 257
140 3216 207 3287 sam
225 3217 284 3291 M’.
296 3219 400 3295 Curii.
449 3219 574 3296 Credo,
622 3222 688 3293 Sed
700 3218 946 3293 Atheniensium
961 3244 1098 3322 quoque

81 3416 84 3423 Ι
140 3323 214 3421 plus
248 3324 398 3399 interfuit
427 3323 523 3399 firma
557 3328 643 3408 recta
678 3329 713 3409 in
747 3327 924 3409 domiciliis
959 3328 1099 3419 babere,

141 3458 240 3533 quam
260 3436 435 3510 Minervae
459 3438 586 3536 signum
623 3467 666 3513 err
694 3442 797 3518 ebore
819 3440 1097 3537 pulcherrimum

140 3561 254 3616 tamen
282 3568 346 3645 ego
380 3571 435 3623 me
468 3551 617 3623 Phidiam
649 3549 714 3628 elle
736 3548 889 3639 mallem,
922 3574 1028 3647 quarn
1048 3545 1098 3625 vel

138 3655 305 3750 optimum
332 3656 461 3729 fabrum
492 3661 677 3762 tignarium.
727 3664 840 3755 Quare
862 3684 955 3752 non,
997 3680 1099 3762 qiud·

137 3782 209 3845 runt
234 3757 372 3875 quisque
395 3767 518 3873 prosit,
547 3772 601 3850 sed
626 3772 739 3873 quanti
763 3770 902 3873 quisque
927 3772 990 3866 fit,
1016 3795 1096 3881 pon·
