2302 4304
131 347 202 423 ,p
456 298 768 398 erutus

138 482 190 555 sus
206 480 285 557 esset
302 480 337 554 in
355 480 434 557 foro
456 485 586 574 dicere,
612 484 758 559 celeriter
780 484 823 558 ad
854 478 1000 563 maiores
1019 515 1091 565 cau·

138 586 187 661 sas
215 588 364 662 adhiberi
384 612 521 688 coeptus
554 589 612 663 est.
646 616 845 690 quamquam
872 595 1033 670 inciderat
1055 599 1087 670 in

138 700 260 773 Cottae
283 721 317 775 et
341 703 484 799 Sulpicii
505 723 666 792 aetatem,
690 704 747 803 qui
766 704 861 778 annis
882 707 1000 781 decern
1021 736 1088 782 ma-

136 810 245 899 iores,
270 815 452 887 excellente
473 832 544 886 tum
568 814 685 888 Crallo
713 832 747 887 et
766 818 940 908 Antonio,
978 820 1090 893 deinde

138 921 319 1020 Philippo,
351 924 427 1020 post
446 921 547 1014 lulio,
577 949 652 996 cum
673 924 727 996 iis
739 925 814 1021 ipsu
835 927 968 1007 dicendi
993 929 1090 1026 gloria

136 1036 401 1157 comparabatur
451 1036 599 1108 Primum
617 1034 778 1107 memoria
795 1051 904 1124 tanta,
937 1052 1089 1135 quantam

135 1141 171 1214 in
182 1118 268 1217 ullo
292 1145 489 1243 cognoville
516 1172 571 1218 me
591 1145 752 1235 arbitror,
776 1162 830 1231 ut,
862 1171 953 1243 quae
984 1147 1087 1219 secum

136 1274 377 1331 commentatus
399 1257 499 1346 effer,
536 1282 576 1330 ea
597 1256 663 1329 fine
689 1256 812 1351 scripto
835 1256 951 1328 verbis
973 1255 1087 1329 eisdem

135 1367 306 1455 redderet,
331 1366 449 1464 quibus
471 1366 689 1465 cogitavillet.
738 1367 814 1437 Hoc
832 1363 1028 1437 adiumento
1039 1365 1090 1436 1lle

135 1494 227 1548 tanto
258 1475 302 1548 fic
335 1476 518 1567 utebatur,
554 1495 591 1549 ut
620 1477 675 1549 sua
708 1495 742 1548 et
775 1492 1028 1563 commentata,
1058 1489 1089 1545 et

134 1585 277 1682 scripta,
302 1604 351 1672 et,
376 1585 468 1657 nullo
486 1585 665 1674 referente,
690 1584 803 1657 omnia
825 1582 1086 1655 adversariorum

73 1728 119 1781 30²
134 1694 218 1768 dieta
250 1693 456 1767 meminillet.
506 1694 651 1768 Ardebat
682 1712 793 1787 autem
815 1692 997 1787 cupiditate
1025 1689 1087 1780 stc,

133 1801 227 1875 utin
252 1801 343 1874 nullo
368 1825 514 1898 unquam
543 1800 732 1900 flagrantius
755 1799 897 1887 studium
936 1799 1086 1880 viderim

133 1911 257 1985 nullum
276 1911 364 1986 enim
377 1913 563 2007 patiebatur
579 1910 642 1984 effe
661 1912 768 1999 diem,
791 1910 873 2008 quin
890 1910 998 1982 autin
1017 1909 1088 1980 foro

133 2021 275 2106 diceret,
318 2039 374 2093 aut
399 2021 612 2093 meditaretur
642 2039 733 2092 extra
760 2017 885 2090 forum.
914 2005 1087 2113 saepiffime

132 2148 240 2197 autem
260 2127 377 2198 eodem
399 2128 451 2200 die
470 2145 646 2224 utnunque
668 2126 816 2198 faciebat.
866 2125 1089 2229 Attuleratque

120 2235 268 2325 ⁵minime
291 2239 424 2336 vulgare
442 2265 544 2338 genus
570 2239 719 2312 dicendi:
750 2239 829 2311 duas
849 2233 989 2335 quidem
1014 2246 1084 2326 res',

132 2374 213 2445 quas
231 2376 330 2424 nemo
354 2353 454 2426 alius·
477 2352 685 2448 partitiones,
709 2349 828 2449 qtubus
847 2352 889 2424 de
913 2352 1011 2423 rebus
1025 2351 1082 2421 dic·

133 2476 226 2532 turus
247 2461 343 2550 esset,
368 2484 402 2534 et
424 2461 650 2547 collellione33
675 2486 804 2534 memor
824 2478 872 2533 et
879 2486 966 2584 quae
986 2459 1082 2532 client

68 2599 115 2651 303
134 2570 219 2642 dida
240 2588 372 2660 contra,
403 2596 553 2669 quaeque
571 2572 638 2669 ipse
660 2571 799 2644 dixitlet.
848 2570 960 2642 Erat
950 2597 986 2641 m
1009 2593 1083 2644 ver·

132 2683 252 2754 borum
271 2681 444 2777 splendore
463 2684 610 2781 elegans,
635 2682 875 2780 compositione
894 2686 1011 2776 aptus,
1035 2677 1084 2749 fa·

131 2790 251 2861 cultate
277 2789 447 2884 copiosus;
472 2816 575 2886 eaque
598 2809 668 2864 erat
689 2817 764 2864 cum
783 2791 943 2861 summo
934 2787 1083 2886 ingenio,

108 2921 200 2990 ,tum
217 2898 508 2972 exercitationibus
522 2902 672 2975 maximis
693 2903 896 2976 consecutus.
908 2926 982 2973 rem
997 2925 1080 2975 com·

125 3006 329 3104 pledebatur
348 3007 557 3094 memoriter,
583 3009 752 3084 dividebat
769 3028 887 3100 acute,
912 3035 977 3087 nec
993 3033 1079 3106 prae-

128 3118 329 3192 termittebat
352 3115 422 3189 fere
443 3117 644 3215 quidquam,
682 3121 776 3218 quod
797 3119 877 3192 etlet
903 3119 941 3191 in
970 3115 1081 3204 causa,

22 3229 29 3244 ⁸
129 3243 184 3297 aut
206 3229 248 3298 ad
275 3226 560 3318 confirmandum,
598 3231 723 3331 autad
752 3228 979 3301 refellendum.
1013 3249 1078 3299 vox

27 3405 31 3410 ,
128 3359 251 3408 canora
274 3355 307 3408 et
328 3335 459 3411 suavita
481 3355 592 3412 motus
609 3361 643 3412 et
664 3337 771 3437 gellus
792 3336 893 3410 etiam
911 3336 985 3431 plus
1009 3333 1080 3406 artis

128 3444 286 3534 habebat,
311 3472 411 3542 quam
429 3472 498 3524 erar
516 3454 643 3525 oratori
671 3450 754 3524 satis.
804 3451 881 3526 Hoc
904 3448 1005 3547 igitur
1023 3445 1081 3517 llo·

128 3554 294 3645 rescente,
323 3553 456 3629 Crallus
475 3558 523 3630 est
549 3575 717 3648 mortuus,
747 3559 852 3647 Cotta
873 3557 1006 3654 pulsio,
1034 3558 1081 3629 iu·

129 3663 214 3736 dicia
250 3665 429 3738 intermilla
461 3669 572 3758 bello,¹
610 3693 671 3741 nos
704 3667 741 3737 in
776 3666 892 3740 forum
919 3668 1080 3743 venimus.

65 3767 113 3865 89
127 3770 206 3857 Erat
226 3777 420 3853 Hortenfius
446 3778 482 3853 in
503 3780 611 3871 bello,
647 3777 759 3879 primo
786 3804 876 3853 anno
889 3779 1016 3872 miles,
1037 3773 1077 3849 al·
