<?xml version="1.0" encoding="UTF-8"?>
<!DOCTYPE html PUBLIC "-//W3C//DTD XHTML 1.0 Transitional//EN"
    "http://www.w3.org/TR/xhtml1/DTD/xhtml1-transitional.dtd">
<html xmlns="http://www.w3.org/1999/xhtml" xml:lang="en" lang="en">
 <head>
  <title>
</title>
<meta http-equiv="Content-Type" content="text/html;charset=utf-8" />
  <meta name='ocr-system' content='tesseract 3.04.00' />
  <meta name='ocr-capabilities' content='ocr_page ocr_carea ocr_par ocr_line ocrx_word'/>
</head>
<body>
  <div class='ocr_page' id='page_1' title='image "./mtulliiciceroni00plutgoog_0173.png"; bbox 0 0 2302 4304; ppageno 0'>
   <div class='ocr_carea' id='block_1_1' title="bbox 56 256 881 392">
    <p class='ocr_par' dir='ltr' id='par_1_1' title="bbox 56 256 881 392">
     <span class='ocr_line' id='line_1_1' title="bbox 56 256 881 392; baseline -0.012 -14"><span class='ocrx_word' id='word_1_1' title='bbox 56 387 59 392; x_wconf 57' lang='grc'><em>,</em></span> <span class='ocrx_word' id='word_1_2' title='bbox 139 291 241 378; x_wconf 76' lang='lat' dir='ltr'>rea·</span> <span class='ocrx_word' id='word_1_3' title='bbox 373 256 881 369; x_wconf 75' lang='lat' dir='ltr'>orouttona</span> 
     </span>
    </p>
   </div>
   <div class='ocr_carea' id='block_1_2' title="bbox 25 432 1143 3864">
    <p class='ocr_par' dir='ltr' id='par_1_2' title="bbox 25 432 1143 3864">
     <span class='ocr_line' id='line_1_2' title="bbox 132 432 1090 556; baseline 0.003 -28"><span class='ocrx_word' id='word_1_4' title='bbox 132 457 260 528; x_wconf 89' lang='lat' dir='ltr'>maiore</span> <span class='ocrx_word' id='word_1_5' title='bbox 287 457 428 553; x_wconf 87' lang='lat' dir='ltr'>quadam</span> <span class='ocrx_word' id='word_1_6' title='bbox 448 459 511 546; x_wconf 90' lang='lat' dir='ltr'>vi,</span> <span class='ocrx_word' id='word_1_7' title='bbox 530 482 629 556; x_wconf 88' lang='lat' dir='ltr'>quam</span> <span class='ocrx_word' id='word_1_8' title='bbox 656 432 785 529; x_wconf 78' lang='lat' dir='ltr'>ridiculi</span> <span class='ocrx_word' id='word_1_9' title='bbox 799 456 1005 546; x_wconf 48' lang='lat' dir='ltr'>,lvttlnerari</span> <span class='ocrx_word' id='word_1_10' title='bbox 1017 469 1090 531; x_wconf 59' lang='lat' dir='ltr'>&#39;ved</span> 
     </span>
     <span class='ocr_line' id='line_1_3' title="bbox 132 569 1091 657; baseline 0.001 -14"><span class='ocrx_word' id='word_1_11' title='bbox 132 569 205 643; x_wconf 91' lang='lat' dir='ltr'>lunt</span> <span class='ocrx_word' id='word_1_12' title='bbox 224 594 233 640; x_wconf 77' lang='grc' dir='ltr'><em>τ</em></span> <span class='ocrx_word' id='word_1_13' title='bbox 256 571 393 644; x_wconf 88' lang='lat' dir='ltr'>miseros</span> <span class='ocrx_word' id='word_1_14' title='bbox 414 573 506 645; x_wconf 90' lang='lat' dir='ltr'>illudi</span> <span class='ocrx_word' id='word_1_15' title='bbox 530 570 789 657; x_wconf 86' lang='lat' dir='ltr'>nolunt,nis1si</span> <span class='ocrx_word' id='word_1_16' title='bbox 810 570 842 642; x_wconf 90' lang='lat' dir='ltr'>se</span> <span class='ocrx_word' id='word_1_17' title='bbox 862 569 953 642; x_wconf 91' lang='lat' dir='ltr'>forte</span> <span class='ocrx_word' id='word_1_18' title='bbox 966 570 1091 644; x_wconf 65' lang='lat' dir='ltr'>iactant.</span> 
     </span>
     <span class='ocr_line' id='line_1_4' title="bbox 134 667 1103 756; baseline 0 -18"><span class='ocrx_word' id='word_1_19' title='bbox 134 668 338 753; x_wconf 77' lang='lat' dir='ltr'>Parcendum</span> <span class='ocrx_word' id='word_1_20' title='bbox 368 669 415 742; x_wconf 89' lang='lat' dir='ltr'>est</span> <span class='ocrx_word' id='word_1_21' title='bbox 435 693 545 742; x_wconf 91' lang='lat' dir='ltr'>autem</span> <span class='ocrx_word' id='word_1_22' title='bbox 573 670 716 756; x_wconf 83' lang='lat' dir='ltr'>maxime</span> <span class='ocrx_word' id='word_1_23' title='bbox 746 667 871 741; x_wconf 89' lang='lat' dir='ltr'>caritati</span> <span class='ocrx_word' id='word_1_24' title='bbox 897 667 1103 756; x_wconf 77' lang='lat' dir='ltr'>hominum,</span> 
     </span>
     <span class='ocr_line' id='line_1_5' title="bbox 72 777 1143 886; baseline 0.004 -37"><span class='ocrx_word' id='word_1_25' title='bbox 72 807 118 886; x_wconf 79' lang='lat'>59</span> <span class='ocrx_word' id='word_1_26' title='bbox 136 804 178 850; x_wconf 92' lang='lat' dir='ltr'>ne</span> <span class='ocrx_word' id='word_1_27' title='bbox 191 799 315 851; x_wconf 88' lang='lat' dir='ltr'>temere</span> <span class='ocrx_word' id='word_1_28' title='bbox 329 779 363 852; x_wconf 85' lang='lat' dir='ltr'>in</span> <span class='ocrx_word' id='word_1_29' title='bbox 377 805 435 862; x_wconf 84' lang='lat' dir='ltr'>eos¹</span> <span class='ocrx_word' id='word_1_30' title='bbox 455 780 568 868; x_wconf 83' lang='lat' dir='ltr'>dieas,</span> <span class='ocrx_word' id='word_1_31' title='bbox 587 780 646 877; x_wconf 91' lang='lat' dir='ltr'>qui</span> <span class='ocrx_word' id='word_1_32' title='bbox 671 780 857 877; x_wconf 82' lang='lat' dir='ltr'>diliguntur.</span> <span class='ocrx_word' id='word_1_33' title='bbox 891 779 984 860; x_wconf 86' lang='lat' dir='ltr'>Haec</span> <span class='ocrx_word' id='word_1_34' title='bbox 997 777 1093 874; x_wconf 85' lang='lat' dir='ltr'>igitur</span> <span class='ocrx_word' id='word_1_35' title='bbox 1139 812 1143 853; x_wconf 74' lang='lat' dir='ltr'>‘e</span> 
     </span>
     <span class='ocr_line' id='line_1_6' title="bbox 69 895 1141 995; baseline 0.003 -28"><span class='ocrx_word' id='word_1_36' title='bbox 69 907 118 976; x_wconf 82' lang='lat'>238</span> <span class='ocrx_word' id='word_1_37' title='bbox 134 895 318 968; x_wconf 89' lang='lat' dir='ltr'>adhibenda</span> <span class='ocrx_word' id='word_1_38' title='bbox 341 897 388 969; x_wconf 85' lang='lat' dir='ltr'>est</span> <span class='ocrx_word' id='word_1_39' title='bbox 411 899 556 995; x_wconf 91' lang='lat' dir='ltr'>primum</span> <span class='ocrx_word' id='word_1_40' title='bbox 580 897 615 968; x_wconf 93' lang='lat' dir='ltr'>in</span> <span class='ocrx_word' id='word_1_41' title='bbox 640 897 786 970; x_wconf 89' lang='lat' dir='ltr'>iocando</span> <span class='ocrx_word' id='word_1_42' title='bbox 802 896 1005 971; x_wconf 76' lang='lat' dir='ltr'>moderatio.</span> <span class='ocrx_word' id='word_1_43' title='bbox 1032 897 1097 969; x_wconf 76' lang='lat' dir='ltr'>Ita-</span> <span class='ocrx_word' id='word_1_44' title='bbox 1138 896 1141 900; x_wconf 79' lang='grc'><strong>’</strong></span> 
     </span>
     <span class='ocr_line' id='line_1_7' title="bbox 133 1009 1096 1108; baseline -0.003 -25"><span class='ocrx_word' id='word_1_45' title='bbox 133 1035 199 1108; x_wconf 90' lang='lat' dir='ltr'>que</span> <span class='ocrx_word' id='word_1_46' title='bbox 223 1036 263 1083; x_wconf 87' lang='lat' dir='ltr'>ea</span> <span class='ocrx_word' id='word_1_47' title='bbox 281 1009 433 1096; x_wconf 77' lang='lat' dir='ltr'>facillime</span> <span class='ocrx_word' id='word_1_48' title='bbox 453 1011 635 1097; x_wconf 78' lang='lat' dir='ltr'>ludtmtur,</span> <span class='ocrx_word' id='word_1_49' title='bbox 657 1035 741 1106; x_wconf 82' lang='lat' dir='ltr'>quae</span> <span class='ocrx_word' id='word_1_50' title='bbox 764 1034 876 1107; x_wconf 88' lang='lat' dir='ltr'>neque</span> <span class='ocrx_word' id='word_1_51' title='bbox 898 1009 985 1082; x_wconf 88' lang='lat' dir='ltr'>odio</span> <span class='ocrx_word' id='word_1_52' title='bbox 1004 1035 1096 1108; x_wconf 79' lang='lat' dir='ltr'>mag-</span> 
     </span>
     <span class='ocr_line' id='line_1_8' title="bbox 134 1120 1097 1220; baseline -0.003 -26"><span class='ocrx_word' id='word_1_53' title='bbox 134 1147 203 1211; x_wconf 90' lang='lat' dir='ltr'>no,</span> <span class='ocrx_word' id='word_1_54' title='bbox 220 1146 326 1220; x_wconf 90' lang='lat' dir='ltr'>neque</span> <span class='ocrx_word' id='word_1_55' title='bbox 344 1123 569 1195; x_wconf 83' lang='lat' dir='ltr'>misericordia</span> <span class='ocrx_word' id='word_1_56' title='bbox 584 1121 726 1192; x_wconf 85' lang='lat' dir='ltr'>maxima</span> <span class='ocrx_word' id='word_1_57' title='bbox 740 1121 842 1218; x_wconf 84' lang='lat' dir='ltr'>digna</span> <span class='ocrx_word' id='word_1_58' title='bbox 858 1120 942 1193; x_wconf 61' lang='lat' dir='ltr'>suntt</span> <span class='ocrx_word' id='word_1_59' title='bbox 965 1123 1097 1212; x_wconf 77' lang='lat' dir='ltr'>Quam-</span> 
     </span>
     <span class='ocr_line' id='line_1_9' title="bbox 133 1229 1095 1305; baseline -0.004 0"><span class='ocrx_word' id='word_1_60' title='bbox 133 1233 253 1305; x_wconf 88' lang='lat' dir='ltr'>obrem</span> <span class='ocrx_word' id='word_1_61' title='bbox 272 1233 421 1305; x_wconf 86' lang='lat' dir='ltr'>materies</span> <span class='ocrx_word' id='word_1_62' title='bbox 443 1232 554 1304; x_wconf 91' lang='lat' dir='ltr'>omnis</span> <span class='ocrx_word' id='word_1_63' title='bbox 578 1231 795 1304; x_wconf 91' lang='lat' dir='ltr'>ridiculorum</span> <span class='ocrx_word' id='word_1_64' title='bbox 827 1229 875 1301; x_wconf 86' lang='lat' dir='ltr'>eft</span> <span class='ocrx_word' id='word_1_65' title='bbox 896 1231 931 1301; x_wconf 90' lang='lat' dir='ltr'>in</span> <span class='ocrx_word' id='word_1_66' title='bbox 952 1230 1023 1302; x_wconf 86' lang='lat' dir='ltr'>istis</span> <span class='ocrx_word' id='word_1_67' title='bbox 1042 1229 1095 1302; x_wconf 89' lang='lat' dir='ltr'>vi-</span> 
     </span>
     <span class='ocr_line' id='line_1_10' title="bbox 135 1341 1098 1441; baseline -0.002 -27"><span class='ocrx_word' id='word_1_68' title='bbox 135 1341 215 1431; x_wconf 87' lang='lat' dir='ltr'>tiis,</span> <span class='ocrx_word' id='word_1_69' title='bbox 238 1343 419 1439; x_wconf 85' lang='lat' dir='ltr'>quaesunt</span> <span class='ocrx_word' id='word_1_70' title='bbox 448 1342 483 1412; x_wconf 94' lang='lat' dir='ltr'>in</span> <span class='ocrx_word' id='word_1_71' title='bbox 504 1341 576 1413; x_wconf 88' lang='lat' dir='ltr'>vita</span> <span class='ocrx_word' id='word_1_72' title='bbox 600 1342 774 1413; x_wconf 92' lang='lat' dir='ltr'>hominum</span> <span class='ocrx_word' id='word_1_73' title='bbox 797 1366 903 1438; x_wconf 88' lang='lat' dir='ltr'>neque</span> <span class='ocrx_word' id='word_1_74' title='bbox 926 1365 1098 1441; x_wconf 79' lang='lat' dir='ltr'>carorum,</span> 
     </span>
     <span class='ocr_line' id='line_1_11' title="bbox 134 1451 1098 1549; baseline -0.002 -25"><span class='ocrx_word' id='word_1_75' title='bbox 134 1477 243 1549; x_wconf 88' lang='lat' dir='ltr'>neque</span> <span class='ocrx_word' id='word_1_76' title='bbox 269 1453 561 1540; x_wconf 79' lang='lat' dir='ltr'>calamitosorum,</span> <span class='ocrx_word' id='word_1_77' title='bbox 595 1477 702 1547; x_wconf 88' lang='lat' dir='ltr'>neque</span> <span class='ocrx_word' id='word_1_78' title='bbox 733 1478 874 1542; x_wconf 91' lang='lat' dir='ltr'>eorum,</span> <span class='ocrx_word' id='word_1_79' title='bbox 899 1454 958 1549; x_wconf 93' lang='lat' dir='ltr'>qui</span> <span class='ocrx_word' id='word_1_80' title='bbox 981 1453 1030 1524; x_wconf 93' lang='lat' dir='ltr'>ob</span> <span class='ocrx_word' id='word_1_81' title='bbox 1051 1451 1098 1522; x_wconf 62' lang='lat' dir='ltr'>fa«</span> 
     </span>
     <span class='ocr_line' id='line_1_12' title="bbox 50 1562 1097 1661; baseline 0.001 -27"><span class='ocrx_word' id='word_1_82' title='bbox 50 1565 52 1568; x_wconf 73' lang='grc'><strong>’</strong></span> <span class='ocrx_word' id='word_1_83' title='bbox 135 1562 227 1635; x_wconf 90' lang='lat' dir='ltr'>cinus</span> <span class='ocrx_word' id='word_1_84' title='bbox 245 1562 287 1635; x_wconf 91' lang='lat' dir='ltr'>ad</span> <span class='ocrx_word' id='word_1_85' title='bbox 303 1563 496 1659; x_wconf 90' lang='lat' dir='ltr'>supplicium</span> <span class='ocrx_word' id='word_1_86' title='bbox 510 1563 661 1659; x_wconf 89' lang='lat' dir='ltr'>rapiendi</span> <span class='ocrx_word' id='word_1_87' title='bbox 685 1564 866 1649; x_wconf 62' lang='lat' dir='ltr'>videntum</span> <span class='ocrx_word' id='word_1_88' title='bbox 894 1589 998 1661; x_wconf 88' lang='lat' dir='ltr'>eaque</span> <span class='ocrx_word' id='word_1_89' title='bbox 1015 1564 1097 1636; x_wconf 88' lang='lat' dir='ltr'>belle</span> 
     </span>
     <span class='ocr_line' id='line_1_13' title="bbox 72 1675 1099 1775; baseline 0.002 -31"><span class='ocrx_word' id='word_1_90' title='bbox 72 1705 120 1758; x_wconf 80' lang='lat'>²39</span> <span class='ocrx_word' id='word_1_91' title='bbox 136 1677 255 1775; x_wconf 85' lang='lat' dir='ltr'>agitata</span> <span class='ocrx_word' id='word_1_92' title='bbox 275 1679 434 1752; x_wconf 83' lang='lat' dir='ltr'>ridentur.</span> <span class='ocrx_word' id='word_1_93' title='bbox 464 1677 523 1748; x_wconf 89' lang='lat' dir='ltr'>Est.</span> <span class='ocrx_word' id='word_1_94' title='bbox 536 1677 635 1749; x_wconf 89' lang='lat' dir='ltr'>etiam</span> <span class='ocrx_word' id='word_1_95' title='bbox 657 1675 902 1768; x_wconf 79' lang='lat' dir='ltr'>deformitatis,</span> <span class='ocrx_word' id='word_1_96' title='bbox 922 1694 956 1748; x_wconf 86' lang='lat' dir='ltr'>ct</span> <span class='ocrx_word' id='word_1_97' title='bbox 975 1699 1099 1770; x_wconf 73' lang='lat' dir='ltr'>corpo-</span> 
     </span>
     <span class='ocr_line' id='line_1_14' title="bbox 135 1776 1135 1863; baseline -0.002 -3"><span class='ocrx_word' id='word_1_98' title='bbox 135 1789 180 1860; x_wconf 82' lang='lat' dir='ltr'>ris</span> <span class='ocrx_word' id='word_1_99' title='bbox 205 1788 367 1862; x_wconf 86' lang='lat' dir='ltr'>vitiorum</span> <span class='ocrx_word' id='word_1_100' title='bbox 393 1791 468 1863; x_wconf 87' lang='lat' dir='ltr'>satis</span> <span class='ocrx_word' id='word_1_101' title='bbox 488 1789 571 1861; x_wconf 83' lang='lat' dir='ltr'>bella</span> <span class='ocrx_word' id='word_1_102' title='bbox 588 1789 720 1861; x_wconf 89' lang='lat' dir='ltr'>materis</span> <span class='ocrx_word' id='word_1_103' title='bbox 747 1789 788 1859; x_wconf 87' lang='lat' dir='ltr'>ad</span> <span class='ocrx_word' id='word_1_104' title='bbox 812 1788 993 1860; x_wconf 81' lang='lat' dir='ltr'>iocandtun</span> <span class='ocrx_word' id='word_1_105' title='bbox 1014 1814 1024 1859; x_wconf 79' lang='lat' dir='ltr'>t</span> <span class='ocrx_word' id='word_1_106' title='bbox 1045 1786 1101 1859; x_wconf 90' lang='lat' dir='ltr'>sed</span> <span class='ocrx_word' id='word_1_107' title='bbox 1133 1776 1135 1781; x_wconf 47' lang='grc'>’</span> 
     </span>
     <span class='ocr_line' id='line_1_15' title="bbox 136 1893 1101 1998; baseline -0.001 -26"><span class='ocrx_word' id='word_1_108' title='bbox 136 1901 323 1996; x_wconf 83' lang='lat' dir='ltr'>quaerimus</span> <span class='ocrx_word' id='word_1_109' title='bbox 349 1902 459 1989; x_wconf 84' lang='lat' dir='ltr'>idem,</span> <span class='ocrx_word' id='word_1_110' title='bbox 489 1893 581 1998; x_wconf 84' lang='lat' dir='ltr'>quod</span> <span class='ocrx_word' id='word_1_111' title='bbox 610 1901 645 1971; x_wconf 88' lang='lat' dir='ltr'>in</span> <span class='ocrx_word' id='word_1_112' title='bbox 681 1898 796 1973; x_wconf 83' lang='lat' dir='ltr'>ceteris</span> <span class='ocrx_word' id='word_1_113' title='bbox 825 1900 921 1972; x_wconf 90' lang='lat' dir='ltr'>rebus</span> <span class='ocrx_word' id='word_1_114' title='bbox 956 1900 1101 1971; x_wconf 78' lang='lat' dir='ltr'>maxime</span> 
     </span>
     <span class='ocr_line' id='line_1_16' title="bbox 136 2008 1099 2106; baseline 0.002 -27"><span class='ocrx_word' id='word_1_115' title='bbox 136 2009 360 2106; x_wconf 86' lang='lat' dir='ltr'>quaerendmn</span> <span class='ocrx_word' id='word_1_116' title='bbox 392 2008 465 2098; x_wconf 84' lang='lat' dir='ltr'>est,</span> <span class='ocrx_word' id='word_1_117' title='bbox 492 2029 664 2096; x_wconf 56' lang='lat' dir='ltr'>quatenus,</span> <span class='ocrx_word' id='word_1_118' title='bbox 711 2014 748 2082; x_wconf 92' lang='lat' dir='ltr'>ln</span> <span class='ocrx_word' id='word_1_119' title='bbox 778 2035 847 2106; x_wconf 86' lang='lat' dir='ltr'>quo</span> <span class='ocrx_word' id='word_1_120' title='bbox 880 2011 986 2082; x_wconf 91' lang='lat' dir='ltr'>modo</span> <span class='ocrx_word' id='word_1_121' title='bbox 1021 2010 1099 2081; x_wconf 89' lang='lat' dir='ltr'>illud</span> 
     </span>
     <span class='ocr_line' id='line_1_17' title="bbox 136 2112 1102 2215; baseline 0.007 -33"><span class='ocrx_word' id='word_1_122' title='bbox 136 2112 362 2209; x_wconf 83' lang='lat' dir='ltr'>praecipitur,</span> <span class='ocrx_word' id='word_1_123' title='bbox 387 2139 428 2184; x_wconf 92' lang='lat' dir='ltr'>ne</span> <span class='ocrx_word' id='word_1_124' title='bbox 451 2113 541 2210; x_wconf 77' lang='lat' dir='ltr'>quid</span> <span class='ocrx_word' id='word_1_125' title='bbox 567 2114 707 2215; x_wconf 88' lang='lat' dir='ltr'>insulse,</span> <span class='ocrx_word' id='word_1_126' title='bbox 735 2116 790 2188; x_wconf 90' lang='lat' dir='ltr'>sed</span> <span class='ocrx_word' id='word_1_127' title='bbox 820 2118 938 2202; x_wconf 89' lang='lat' dir='ltr'>etiam,</span> <span class='ocrx_word' id='word_1_128' title='bbox 967 2117 991 2187; x_wconf 86' lang='lat' dir='ltr'>fi</span> <span class='ocrx_word' id='word_1_129' title='bbox 1019 2118 1102 2214; x_wconf 87' lang='lat' dir='ltr'>quid</span> 
     </span>
     <span class='ocr_line' id='line_1_18' title="bbox 136 2224 1101 2326; baseline 0.003 -31"><span class='ocrx_word' id='word_1_130' title='bbox 136 2224 334 2320; x_wconf 83' lang='lat' dir='ltr'>perridicule</span> <span class='ocrx_word' id='word_1_131' title='bbox 356 2226 470 2324; x_wconf 76' lang='lat' dir='ltr'>possm:-</span> <span class='ocrx_word' id='word_1_132' title='bbox 493 2226 666 2299; x_wconf 87' lang='lat' dir='ltr'>vitandum</span> <span class='ocrx_word' id='word_1_133' title='bbox 680 2227 726 2299; x_wconf 85' lang='lat' dir='ltr'>esl</span> <span class='ocrx_word' id='word_1_134' title='bbox 751 2230 880 2300; x_wconf 90' lang='lat' dir='ltr'>oratori</span> <span class='ocrx_word' id='word_1_135' title='bbox 900 2249 1101 2326; x_wconf 89' lang='lat' dir='ltr'>utrumque,</span> 
     </span>
     <span class='ocr_line' id='line_1_19' title="bbox 137 2338 1101 2434; baseline 0.001 -21"><span class='ocrx_word' id='word_1_136' title='bbox 137 2353 180 2413; x_wconf 77' lang='lat' dir='ltr'>ne</span> <span class='ocrx_word' id='word_1_137' title='bbox 205 2359 261 2409; x_wconf 92' lang='lat' dir='ltr'>aut</span> <span class='ocrx_word' id='word_1_138' title='bbox 283 2338 424 2413; x_wconf 86' lang='lat' dir='ltr'>scurrilis</span> <span class='ocrx_word' id='word_1_139' title='bbox 444 2338 538 2411; x_wconf 83' lang='lat' dir='ltr'>iocus</span> <span class='ocrx_word' id='word_1_140' title='bbox 552 2339 618 2424; x_wconf 82' lang='lat' dir='ltr'>stt,</span> <span class='ocrx_word' id='word_1_141' title='bbox 643 2360 701 2412; x_wconf 89' lang='lat' dir='ltr'>aut</span> <span class='ocrx_word' id='word_1_142' title='bbox 723 2342 887 2414; x_wconf 84' lang='lat' dir='ltr'>mimicus.</span> <span class='ocrx_word' id='word_1_143' title='bbox 926 2343 1024 2434; x_wconf 87' lang='lat' dir='ltr'>Quae</span> <span class='ocrx_word' id='word_1_144' title='bbox 1043 2369 1101 2414; x_wconf 89' lang='lat' dir='ltr'>cu·</span> 
     </span>
     <span class='ocr_line' id='line_1_20' title="bbox 137 2443 1120 2550; baseline 0.01 -36"><span class='ocrx_word' id='word_1_145' title='bbox 137 2443 280 2520; x_wconf 90' lang='lat' dir='ltr'>iusmodi</span> <span class='ocrx_word' id='word_1_146' title='bbox 298 2447 379 2539; x_wconf 86' lang='lat' dir='ltr'>fint,</span> <span class='ocrx_word' id='word_1_147' title='bbox 400 2449 526 2522; x_wconf 86' lang='lat' dir='ltr'>facilius</span> <span class='ocrx_word' id='word_1_148' title='bbox 547 2449 613 2520; x_wconf 88' lang='lat' dir='ltr'>iam</span> <span class='ocrx_word' id='word_1_149' title='bbox 630 2450 868 2548; x_wconf 84' lang='lat' dir='ltr'>intelligemus,</span> <span class='ocrx_word' id='word_1_150' title='bbox 883 2474 960 2523; x_wconf 89' lang='lat' dir='ltr'>cum</span> <span class='ocrx_word' id='word_1_151' title='bbox 978 2453 1020 2524; x_wconf 88' lang='lat' dir='ltr'>ad</span> <span class='ocrx_word' id='word_1_152' title='bbox 1033 2452 1120 2550; x_wconf 80' lang='lat' dir='ltr'>ipsa.</span> 
     </span>
     <span class='ocr_line' id='line_1_21' title="bbox 139 2553 715 2652; baseline 0.014 -30"><span class='ocrx_word' id='word_1_153' title='bbox 139 2553 356 2626; x_wconf 88' lang='lat' dir='ltr'>ridiculorum</span> <span class='ocrx_word' id='word_1_154' title='bbox 374 2583 494 2652; x_wconf 84' lang='lat' dir='ltr'>genera</span> <span class='ocrx_word' id='word_1_155' title='bbox 516 2559 715 2630; x_wconf 56' lang='lat' dir='ltr'>venerimus</span> 
     </span>
     <span class='ocr_line' id='line_1_22' title="bbox 74 2663 1139 2765; baseline 0.004 -33"><span class='ocrx_word' id='word_1_156' title='bbox 74 2690 123 2741; x_wconf 70' lang='lat'>240</span> <span class='ocrx_word' id='word_1_157' title='bbox 187 2663 272 2758; x_wconf 85' lang='lat' dir='ltr'>Duo</span> <span class='ocrx_word' id='word_1_158' title='bbox 285 2666 375 2734; x_wconf 83' lang='lat' dir='ltr'>enim</span> <span class='ocrx_word' id='word_1_159' title='bbox 391 2665 464 2736; x_wconf 84' lang='lat' dir='ltr'>srmt</span> <span class='ocrx_word' id='word_1_160' title='bbox 484 2692 601 2762; x_wconf 83' lang='lat' dir='ltr'>genera</span> <span class='ocrx_word' id='word_1_161' title='bbox 620 2667 836 2757; x_wconf 85' lang='lat' dir='ltr'>facetiarum,</span> <span class='ocrx_word' id='word_1_162' title='bbox 859 2693 1006 2765; x_wconf 91' lang='lat' dir='ltr'>quorum</span> <span class='ocrx_word' id='word_1_163' title='bbox 1014 2668 1109 2749; x_wconf 51' lang='lat' dir='ltr'>alte,</span> <span class='ocrx_word' id='word_1_164' title='bbox 1127 2687 1139 2705; x_wconf 37' lang='lat'>¹·</span> 
     </span>
     <span class='ocr_line' id='line_1_23' title="bbox 100 2774 1101 2871; baseline 0.003 -27"><span class='ocrx_word' id='word_1_165' title='bbox 100 2816 104 2825; x_wconf 90' lang='lat'>·</span> <span class='ocrx_word' id='word_1_166' title='bbox 138 2798 215 2844; x_wconf 84' lang='lat' dir='ltr'>rum</span> <span class='ocrx_word' id='word_1_167' title='bbox 238 2775 473 2862; x_wconf 76' lang='lat' dir='ltr'>retractatur,</span> <span class='ocrx_word' id='word_1_168' title='bbox 499 2778 640 2846; x_wconf 66' lang='lat' dir='ltr'>‘alterum</span> <span class='ocrx_word' id='word_1_169' title='bbox 670 2776 768 2846; x_wconf 72' lang='lat' dir='ltr'>dieto.</span> <span class='ocrx_word' id='word_1_170' title='bbox 818 2778 892 2864; x_wconf 85' lang='lat' dir='ltr'>Re,</span> <span class='ocrx_word' id='word_1_171' title='bbox 925 2774 1101 2871; x_wconf 64' lang='lat' dir='ltr'>siquando</span> 
     </span>
     <span class='ocr_line' id='line_1_24' title="bbox 138 2883 1132 2982; baseline 0.008 -30"><span class='ocrx_word' id='word_1_172' title='bbox 138 2883 240 2978; x_wconf 87' lang='lat' dir='ltr'>quid,</span> <span class='ocrx_word' id='word_1_173' title='bbox 263 2900 419 2980; x_wconf 81' lang='lat' dir='ltr'>tanquam</span> <span class='ocrx_word' id='word_1_174' title='bbox 432 2886 540 2982; x_wconf 85' lang='lat' dir='ltr'>aliqua</span> <span class='ocrx_word' id='word_1_175' title='bbox 554 2887 691 2976; x_wconf 89' lang='lat' dir='ltr'>sabella,</span> <span class='ocrx_word' id='word_1_176' title='bbox 719 2905 882 2978; x_wconf 84' lang='lat' dir='ltr'>narratur,</span> <span class='ocrx_word' id='word_1_177' title='bbox 906 2905 944 2958; x_wconf 92' lang='lat' dir='ltr'>ut</span> <span class='ocrx_word' id='word_1_178' title='bbox 962 2888 1103 2977; x_wconf 68' lang='lat' dir='ltr'>olimtu¹</span> <span class='ocrx_word' id='word_1_179' title='bbox 1129 2938 1132 2947; x_wconf 75' lang='lat'><strong>·</strong></span> 
     </span>
     <span class='ocr_line' id='line_1_25' title="bbox 135 2985 1100 3097; baseline 0.013 -37"><span class='ocrx_word' id='word_1_180' title='bbox 135 2991 264 3080; x_wconf 72' lang='lat' dir='ltr'>Crasse,</span> <span class='ocrx_word' id='word_1_181' title='bbox 276 2991 311 3062; x_wconf 87' lang='lat' dir='ltr'>in</span> <span class='ocrx_word' id='word_1_182' title='bbox 324 2995 544 3079; x_wconf 86' lang='lat' dir='ltr'>Memmium,</span> <span class='ocrx_word' id='word_1_183' title='bbox 568 2985 723 3095; x_wconf 75' lang='lat' dir='ltr'>comediffi</span> <span class='ocrx_word' id='word_1_184' title='bbox 739 3028 808 3071; x_wconf 79' lang='lat' dir='ltr'>eum</span> <span class='ocrx_word' id='word_1_185' title='bbox 819 3005 963 3071; x_wconf 67' lang='lat' dir='ltr'>lacertum</span> <span class='ocrx_word' id='word_1_186' title='bbox 974 3004 1100 3097; x_wconf 63' lang='lat' dir='ltr'>Lugii,</span> 
     </span>
     <span class='ocr_line' id='line_1_26' title="bbox 138 3097 1100 3186; baseline 0.012 -18"><span class='ocrx_word' id='word_1_187' title='bbox 138 3123 217 3174; x_wconf 90' lang='lat' dir='ltr'>cum</span> <span class='ocrx_word' id='word_1_188' title='bbox 252 3097 330 3180; x_wconf 85' lang='lat' dir='ltr'>esset</span> <span class='ocrx_word' id='word_1_189' title='bbox 361 3125 439 3172; x_wconf 94' lang='lat' dir='ltr'>cum</span> <span class='ocrx_word' id='word_1_190' title='bbox 466 3126 508 3173; x_wconf 91' lang='lat' dir='ltr'>eo</span> <span class='ocrx_word' id='word_1_191' title='bbox 522 3103 722 3176; x_wconf 86' lang='lat' dir='ltr'>Tarracinae</span> <span class='ocrx_word' id='word_1_192' title='bbox 751 3107 791 3180; x_wconf 91' lang='lat' dir='ltr'>de</span> <span class='ocrx_word' id='word_1_193' title='bbox 806 3107 946 3186; x_wconf 86' lang='lat' dir='ltr'>amicula</span> <span class='ocrx_word' id='word_1_194' title='bbox 965 3109 1100 3180; x_wconf 84' lang='lat' dir='ltr'>rixatus.</span> 
     </span>
     <span class='ocr_line' id='line_1_27' title="bbox 94 3204 1102 3309; baseline 0.019 -34"><span class='ocrx_word' id='word_1_195' title='bbox 94 3280 100 3298; x_wconf 44' lang='grc'><strong>,</strong></span> <span class='ocrx_word' id='word_1_196' title='bbox 138 3204 236 3296; x_wconf 79' lang='lat' dir='ltr'>salla,</span> <span class='ocrx_word' id='word_1_197' title='bbox 263 3227 408 3298; x_wconf 80' lang='lat' dir='ltr'>attamen</span> <span class='ocrx_word' id='word_1_198' title='bbox 422 3237 444 3284; x_wconf 91' lang='lat' dir='ltr'>a</span> <span class='ocrx_word' id='word_1_199' title='bbox 456 3229 489 3284; x_wconf 90' lang='lat' dir='ltr'>te</span> <span class='ocrx_word' id='word_1_200' title='bbox 507 3212 583 3309; x_wconf 86' lang='lat' dir='ltr'>ipso</span> <span class='ocrx_word' id='word_1_201' title='bbox 594 3211 667 3290; x_wconf 73' lang='lat' dir='ltr'>fieta</span> <span class='ocrx_word' id='word_1_202' title='bbox 680 3230 752 3286; x_wconf 85' lang='lat' dir='ltr'>tota</span> <span class='ocrx_word' id='word_1_203' title='bbox 765 3219 920 3291; x_wconf 86' lang='lat' dir='ltr'>narratio.</span> <span class='ocrx_word' id='word_1_204' title='bbox 935 3218 1102 3308; x_wconf 73' lang='lat' dir='ltr'>addidisti</span> 
     </span>
     <span class='ocr_line' id='line_1_28' title="bbox 76 3316 1142 3422; baseline 0.01 -35"><span class='ocrx_word' id='word_1_205' title='bbox 76 3316 79 3323; x_wconf 63' lang='grc'><strong>“</strong></span> <span class='ocrx_word' id='word_1_206' title='bbox 139 3317 333 3409; x_wconf 86' lang='lat' dir='ltr'>clausulam,</span> <span class='ocrx_word' id='word_1_207' title='bbox 351 3339 427 3400; x_wconf 80' lang='lat' dir='ltr'>&#39;tota</span> <span class='ocrx_word' id='word_1_208' title='bbox 436 3322 618 3402; x_wconf 81' lang='lat' dir='ltr'>Tarracina</span> <span class='ocrx_word' id='word_1_209' title='bbox 638 3342 711 3404; x_wconf 89' lang='lat' dir='ltr'>turn</span> <span class='ocrx_word' id='word_1_210' title='bbox 726 3325 941 3403; x_wconf 55' lang='lat' dir='ltr'>omnibus1&#39;in</span> <span class='ocrx_word' id='word_1_211' title='bbox 964 3329 1103 3422; x_wconf 54' lang='lat' dir='ltr'>parietie</span> <span class='ocrx_word' id='word_1_212' title='bbox 1140 3362 1142 3366; x_wconf 93' lang='lat'>·</span> 
     </span>
     <span class='ocr_line' id='line_1_29' title="bbox 138 3425 1102 3526; baseline 0.012 -27"><span class='ocrx_word' id='word_1_213' title='bbox 138 3427 201 3517; x_wconf 84' lang='lat' dir='ltr'>bus</span> <span class='ocrx_word' id='word_1_214' title='bbox 215 3425 386 3522; x_wconf 90' lang='lat' dir='ltr'>inscriptas</span> <span class='ocrx_word' id='word_1_215' title='bbox 402 3430 499 3519; x_wconf 79' lang='lat' dir='ltr'>fuisse·</span> <span class='ocrx_word' id='word_1_216' title='bbox 517 3432 651 3521; x_wconf 85' lang='lat' dir='ltr'>literas,</span> <span class='ocrx_word' id='word_1_217' title='bbox 689 3433 753 3508; x_wconf 84' lang='lat' dir='ltr'>tria</span> <span class='ocrx_word' id='word_1_218' title='bbox 774 3439 883 3526; x_wconf 87' lang='lat' dir='ltr'>LLL,</span> <span class='ocrx_word' id='word_1_219' title='bbox 916 3436 986 3511; x_wconf 88' lang='lat' dir='ltr'>duo</span> <span class='ocrx_word' id='word_1_220' title='bbox 1011 3444 1102 3514; x_wconf 83' lang='lat' dir='ltr'>MM.</span> 
     </span>
     <span class='ocr_line' id='line_1_30' title="bbox 53 3532 1102 3642; baseline 0.011 -37"><span class='ocrx_word' id='word_1_221' title='bbox 53 3623 55 3625; x_wconf 66' lang='lat'>‚</span> <span class='ocrx_word' id='word_1_222' title='bbox 140 3560 218 3626; x_wconf 80' lang='lat' dir='ltr'>cum</span> <span class='ocrx_word' id='word_1_223' title='bbox 237 3559 425 3632; x_wconf 73' lang='lat' dir='ltr'>quaereret,</span> <span class='ocrx_word' id='word_1_224' title='bbox 453 3539 487 3610; x_wconf 94' lang='lat' dir='ltr'>id</span> <span class='ocrx_word' id='word_1_225' title='bbox 499 3540 579 3636; x_wconf 88' lang='lat' dir='ltr'>quid</span> <span class='ocrx_word' id='word_1_226' title='bbox 594 3540 700 3629; x_wconf 77' lang='lat' dir='ltr'>effer,</span> <span class='ocrx_word' id='word_1_227' title='bbox 723 3540 838 3614; x_wconf 81' lang='lat' dir='ltr'>¹senem</span> <span class='ocrx_word' id='word_1_228' title='bbox 859 3543 921 3623; x_wconf 82' lang='lat' dir='ltr'>tibi</span> <span class='ocrx_word' id='word_1_229' title='bbox 934 3532 1102 3642; x_wconf 53' lang='lat' dir='ltr'>(ruendam</span> 
     </span>
     <span class='ocr_line' id='line_1_31' title="bbox 139 3645 1104 3749; baseline 0.013 -35"><span class='ocrx_word' id='word_1_230' title='bbox 139 3645 346 3741; x_wconf 75' lang='lat' dir='ltr'>oppidanum</span> <span class='ocrx_word' id='word_1_231' title='bbox 364 3646 500 3737; x_wconf 80' lang='lat' dir='ltr'>dixisse,</span> <span class='ocrx_word' id='word_1_232' title='bbox 524 3652 655 3732; x_wconf 77' lang='lat' dir='ltr'>Lacerat</span> <span class='ocrx_word' id='word_1_233' title='bbox 678 3656 823 3724; x_wconf 69' lang='lat' dir='ltr'>decertum</span> <span class='ocrx_word' id='word_1_234' title='bbox 838 3657 949 3749; x_wconf 62' lang='lat' dir='ltr'>Largi?</span> <span class='ocrx_word' id='word_1_235' title='bbox 965 3661 1104 3729; x_wconf 46' lang='lat' dir='ltr'>mordax</span> 
     </span>
     <span class='ocr_line' id='line_1_32' title="bbox 25 3751 1130 3864; baseline 0.016 -39"><span class='ocrx_word' id='word_1_236' title='bbox 25 3849 26 3852; x_wconf 8' lang='grc' dir='ltr'><strong>Ἴ</strong></span> <span class='ocrx_word' id='word_1_237' title='bbox 72 3774 121 3826; x_wconf 67' lang='lat'>04¹</span> <span class='ocrx_word' id='word_1_238' title='bbox 139 3761 319 3857; x_wconf 80' lang='lat' dir='ltr'>Memmius.</span> <span class='ocrx_word' id='word_1_239' title='bbox 368 3758 570 3856; x_wconf 73' lang='lat' dir='ltr'>Perspicitis,</span> <span class='ocrx_word' id='word_1_240' title='bbox 593 3760 658 3847; x_wconf 84' lang='lat' dir='ltr'>hoc</span> <span class='ocrx_word' id='word_1_241' title='bbox 668 3786 770 3860; x_wconf 85' lang='lat' dir='ltr'>genus</span> <span class='ocrx_word' id='word_1_242' title='bbox 782 3788 881 3864; x_wconf 79' lang='lat' dir='ltr'>quarn</span> <span class='ocrx_word' id='word_1_243' title='bbox 893 3751 933 3846; x_wconf 73' lang='lat' dir='ltr'>sn</span> <span class='ocrx_word' id='word_1_244' title='bbox 944 3759 1104 3863; x_wconf 72' lang='lat' dir='ltr'>facetum,</span> <span class='ocrx_word' id='word_1_245' title='bbox 1127 3855 1130 3861; x_wconf 20' lang='lat'><em>¹</em></span> 
     </span>
    </p>
   </div>
   <div class='ocr_carea' id='block_1_3' title="bbox 0 0 1167 4304">
    <p class='ocr_par' dir='ltr' id='par_1_3' title="bbox 0 0 1167 4304">
     <span class='ocr_line' id='line_1_33' title="bbox 0 0 1167 4304; baseline 0 0"><span class='ocrx_word' id='word_1_246' title='bbox 0 0 1167 4304; x_wconf 95' lang='lat' dir='ltr'> </span> 
     </span>
    </p>
   </div>
  </div>
 </body>
</html>
