2302 4304
384 311 693 395 BRUTU&
947 343 1011 418 ῃι

60 469 165 572 tricus
182 497 283 572 ωας,
309 481 407 554 studii
429 482 480 554 ille
494 481 628 580 quidem
642 481 758 554 habuit
776 480 1017 582 noandum,

60 593 116 665 sed
141 593 299 666 acuminis
322 610 355 664 et
370 590 533 663 orat-ionis
555 589 637 663 satis
691 593 737 685 Q.
759 591 959 686 Pompeius,
977 596 1018 669 A.

61 701 160 792 silius,
173 691 230 799 qui
243 701 436 799 Bithynicus
448 702 551 798 didus
565 700 610 801 esi
618 748 629 789 ,
643 699 802 789 biennio,
827 724 927 798 quam
940 727 1019 794 nos,

61 809 199 883 fortasse
215 811 346 906 maior,
380 799 511 882 summo
535 808 641 880 studio
677 807 809 881 dicendi
854 809 1020 908 mutaque

26 966 29 974 ·
61 914 238 1008 dodrina,
264 920 447 993 incredibili
470 919 584 998 labore
612 937 709 1016 atque
723 916 887 993 industria.
925 914 1023 1016 quod

61 1033 145 1108 scire
156 1032 287 1130 possum
312 1059 322 1102 r
348 1031 410 1116 suit
422 1032 511 1104 enim
525 1057 657 1105 mecum
669 1034 702 1101 εἰ
714 1046 791 1102 cum
809 1032 858 1102 M.
879 1028 1022 1116 Pisone.

63 1171 140 1216 cum
156 1141 317 1230 amicitia,
339 1164 410 1212 tum
429 1140 562 1229 studiis,
581 1137 1022 1235 exercitationibusquecon-

62 1241 202 1326 iundus.
225 1251 319 1324 huius
338 1253 422 1324 aei-0
443 1277 513 1323 non
534 1250 606 1323 satis
629 1247 882 1323 commendabat
893 1249 1023 1320 oratio·
1064 1296 1067 1301 ,

64 1380 143 1434 nem
156 1381 166 1434 ‘a
180 1363 214 1433 in
230 1361 291 1432 hac
305 1362 392 1433 enim
406 1359 480 1432 satis
498 1373 565 1430 erat
577 1361 711 1454 copiae,
724 1356 759 1428 in
773 1357 825 1427 illa
845 1376 956 1426 autem
971 1355 1021 1426 le·

66 1467 160 1564 poris
178 1491 303 1562 parum.
352 1469 429 1536 Erat
452 1468 520 1538 eius
532 1466 672 1563 aequalis
686 1467 721 1538 Ρ.
734 1463 936 1554 Autronius,
955 1486 1022 1540 vo-
1038 1485 1085 1543 rer

65 1600 105 1647 ce
131 1595 310 1672 peracuta,
336 1593 433 1670 atque
452 1599 592 1670 magna,
615 1592 676 1646 nec
690 1573 751 1644 alia
769 1590 805 1644 re
817 1564 882 1645 ulia
903 1572 1022 1669 proba*

63 1685 169 1759 bilist
208 1707 241 1757 et
265 1686 307 1756 L„
329 1685 488 1758 Odavius
505 1684 695 1773 Reatinus,
725 1684 782 1780 qui
805 1700 881 1756 cum
904 1685 1022 1761 multas

64 1795 133 1868 iam
147 1793 255 1866 causas
267 1794 402 1882 diceret,
422 1792 610 1866 adolescens
630 1781 676 1865 est
687 1809 845 1866 mortuus.
869 1793 1022 1872 istamen

65 1907 111 1979 ad
128 1905 303 1977 dicendum
317 1904 469 1978 veniebat
482 1904 583 2002 magis
606 1903 777 1994 audader,
802 1929 902 2003 quam
922 1923 1021 2003 par'ae

65 2031 112 2084 ter
160 2009 202 2082 Et
228 2011 267 2082 C.
286 2010 442 2101 Staienus,
455 2011 514 2109 qui
535 2011 573 2108 ¹se
593 2009 659 2107 ipse
677 2014 914 2110 adoptaverat,
927 2020 966 2090 et¹
980 2021 1023 2094 de

65 2115 200 2189 Staieno
217 2115 499 2208 Aeliumsecerar,
522 2117 656 2191 fervido
678 2121 826 2216 quodam
860 2140 894 2195 et
923 2143 1021 2220 petu-

65 2227 148 2299 lanti
181 2244 215 2297 et
227 2310 229 2314 ¹
243 2225 370 2298 furioso
390 2251 508 2324 genere
524 2227 675 2298 dicendi:
704 2229 797 2324 quod
818 2226 1022 2327 quiamultin

66 2354 198 2437 grauun
216 2352 285 2435 erat
295 2354 327 2407 et
342 2337 561 2432 probabatur,
586 2336 796 2410 adscendisset
808 2340 848 2408 ad
861 2341 1021 2435 honores,

66 2447 128 2519 nisr
159 2446 195 2516 in
231 2444 378 2517 facinore
405 2443 578 2516 manifesto
618 2447 859 2544 deprehensus,
898 2476 1022 2548 poenas

66 2555 194 2659 legibus
214 2554 382 2657 etli'udicio
412 2552 558 2628 dedisset.
606 2557 733 2630 Eodem
758 2581 915 2658 tempore·
931 2560 971 2636 C.
988 2585 1022 2638 et
1039 2556 1087 2658 69

67 2659 105 2738 L.
129 2663 274 2762 Caepasii
288 2662 402 2737 fratres
422 2663 585 2765 fuerunt,
614 2668 672 2764 qui
697 2669 799 2742 muita
820 2691 942 2768 opera,
967 2671 1020 2774 ig·
1039 2711 1087 2764 ²4²

66 2774 144 2845 noti
166 2772 317 2866 homines
338 2792 371 2844 et
381 2772 568 2870 repentini,
594 2774 779 2871 ‘quaestores
793 2779 1021 2859 celeriterfac-
1050 2828 1054 2837 ·

69 2887 97 2957 ri
115 2883 210 2972 sunt,
223 2882 393 2978 oppidano
412 2885 557 2981 quodam
582 2909 614 2959 et
640 2887 813 2962 incondito
832 2908 950 2990 genere
970 2895 1023 2968 di-

68 2986 177 3060 cendi.
202 2987 368 3058 Addamus
381 2983 445 3061 huc
459 2989 577 3082 etiam,
603 3017 644 3064 ne
658 3017 757 3091 quem
770 2998 920 3069 vocalem
928 3023 1024 3093 prae-

66 3091 189 3169 teriisse
215 3095 404 3197 videamur,
429 3097 469 3169 C.
482 3097 684 3182 Cosconium
707 3100 939 3194 Calidianum,
964 3107 1024 3204 qui

67 3203 161 3288 nullo
179 3203 346 3293 aceunine,
373 3229 444 3275 eam
470 3226 581 3279 tamen
605 3208 788 3303 verborum
815 3210 970 3308 copiam,
996 3216 1023 3288 si

67 3336 170 3414 quam·
192 3306 355 3404 habebat,
380 3317 558 3412 praebebat
575 3319 700 3413 populo
715 3344 791 3392 cum
808 3325 910 3397 multa
935 3352 1022 3400 con·

68 3418 255 3504 ciusatione
282 3452 468 3525 magnoque
491 3419 644 3498 clamore,
692 3431 795 3522 Quod
818 3435 906 3508 idem
920 3435 1025 3509 facie·

69 3539 129 3613 bat
144 3539 189 3629 Q.
204 3537 341 3626 Arrius,
366 3537 424 3635 qui
437 3536 500 3609 fuit
513 3538 561 3609 Me
580 3536 683 3609 Craffi
698 3541 786 3638 qpasr
800 3543 1022 3620 secundarum,

70 3644 282 3719 Isomnibus
311 3647 462 3743 exemplo
493 3648 590 3720 debet
615 3648 699 3736 esse,
726 3670 883 3748 quantum
904 3655 939 3726 in
959 3656 1023 3730 hac

70 3754 155 3826 urbe
168 3750 305 3851 polleat,
319 3758 498 3828 multorum
512 3756 646 3832 obed'ue
657 3761 1022 3858 tempori,mult0mm·
1045 3855 1046 3859 Ἰ

310 3866 312 3871 “
680 3896 683 3902 ·
770 3863 833 3932 Aa
857 3881 881 3934 a
