2302 4304
136 287 201 358 116
371 264 956 382 DEORATORE·

129 447 196 518 boc
226 424 342 516 omnis*
363 441 409 514 est
434 432 549 531 error,
571 438 663 538 quod
688 437 888 522 existimant,
911 392 1091 510 artifieium

128 557 193 629 else
215 559 281 629 hoc
302 555 471 653 quoddam
497 578 564 624 non
588 551 737 624 diffimile
754 568 966 635 ceterorum,
985 549 1093 621 cuius·

127 670 222 743 modi
248 673 288 743 de
308 673 380 768 ipso
407 673 477 743 iure
502 669 590 743 civili
609 668 760 741 hesterno
774 669 827 740 die
842 666 976 739 Crassus
993 690 1100 737 com-·

127 782 210 877 poni
231 781 323 879 polle
342 782 498 866 dicebat;
526 800 562 851 ut
581 804 700 877 genera
722 801 832 876 rerum
856 775 1003 872 primum
1028 801 1090 847 ex-

122 910 353 986 ponerentur,
380 892 415 962 in
450 916 519 987 quo
553 888 673 962 vitium
703 887 774 977 est,
802 887 826 957 st
856 910 957 983 genus
987 883 1090 956 ullum

33 1006 43 1020 ”
125 1002 425 1100 praetermittatur3
439 1000 557 1073 deinde
578 999 777 1098 stngtdotum
793 1017 950 1092 generum
964 1013 1091 1091 partes,

125 1113 161 1188 in
195 1141 265 1214 quo
283 1134 332 1188 et
358 1114 465 1187 deelle
494 1113 635 1211 aliquam
665 1129 820 1209 partem,
847 1129 881 1180 et
912 1106 1090 1203 superare,

125 1227 321 1302 mendosum
339 1226 411 1315 ell3
438 1243 508 1298 tum
530 1222 712 1299 uerborum
735 1219 890 1292 ¹omnium
920 1218 1090 1292 delinitio-

29 1395 30 1398 *
125 1358 206 1422 nes,
228 1335 264 1406 in
289 1334 405 1431 quibus
431 1358 538 1430 neque
561 1332 668 1404 abesse
694 1327 872 1429 quidquam
892 1329 1009 1421 decet,
1032 1357 1091 1402 ne·

62 1456 109 1506 20
125 1474 189 1546 que
216 1447 408 1520 redundare.
439 1446 504 1519 Sed
520 1448 598 1543 'hoc
620 1444 644 1516 st
664 1444 793 1516 in'iure
816 1442 923 1533 civili,
946 1441 970 1514 st
990 1444 1088 1516 etiam
1120 1512 1122 1516 ,

52 1551 108 1634 ,34
124 1561 159 1634 in
182 1559 293 1658 parvis
316 1583 371 1633 aut
395 1558 618 1633 mediocribus
645 1557 743 1630 rebus
773 1556 939 1629 dodiores
966 1556 1090 1654 alsequi

122 1670 277 1769 poffunt3
303 1667 373 1745 n'on
401 1673 489 1748 idem
519 1671 625 1743 sentio
651 1688 740 1743 tanta
763 1669 826 1742 hac
852 1668 887 1740 in
912 1693 969 1758 re,
1001 1687 1089 1767 tam·

123 1804 187 1876 que
209 1780 366 1854 immensa
392 1779 485 1878 polle
511 1778 594 1852 fieri.
639 1779 696 1850 Sin
721 1796 831 1850 autem
853 1775 912 1874 qui
927 1775 1090 1847 arbitran-

122 1901 201 1973 tur3
224 1885 407 1959 deducendi
429 1887 563 1959 suntad
587 1911 669 1975 eos,
685 1887 743 1984 qui
756 1888 840 1958 haec
853 1884 997 1957 docent:
1012 1911 1089 1958 om·
1104 1932 1109 1942 ·

122 1997 178 2071 nia
205 1997 270 2069 iam
307 1998 467 2095 explicata
503 2017 537 2070 et
562 1998 728 2094 perpolita
763 1995 997 2094 assequentur:
1018 1996 1091 2068 sunt

121 2106 212 2178 enim
236 2105 488 2180 innumerabiles
509 2108 551 2181 de
577 2108 627 2182 his
648 2108 745 2181 rebus
771 2107 873 2197 libri,
904 2131 1012 2204 neque
1038 2109 1092 2179 ab·

124 2216 210 2306 diti,
228 2242 335 2315 neque
352 2215 493 2290 obscuri.
526 2219 589 2291 Sed
610 2217 767 2307 videant,
791 2215 871 2316 quid
894 2214 1030 2289 velint·:'
1049 2219 1090 2289 ad

26 2380 28 2383 .
122 2318 369 2418 ludendumne,
393 2357 435 2403 an
459 2332 501 2403 ad
524 2332 735 2429 pugnandum
755 2354 846 2402 arma
862 2327 924 2402 lint
942 2328 1090 2435 sumturi.

124 2439 223 2511 Aliud
250 2438 338 2511 enim
373 2466 482 2539 pugna
515 2463 548 2513 et
574 2439 681 2529 acies,
708 2439 794 2511 aliud
816 2439 908 2510 ludus
940 2439 1091 2536 campus-

123 2570 189 2644 que
211 2549 323 2630 noller
344 2551 510 2623 defiderat.
556 2552 710 2623 Attamen
734 2575 785 2621 ars
805 2547 872 2645 ipsa
897 2549 1022 2622 ludicra
1035 2576 1089 2621 ar-

94 2678 98 2690 ·
124 2679 259 2727 morum
280 2673 313 2726 et
339 2656 514 2751 gladiatori
543 2676 575 2729 et
598 2658 694 2731 militi
716 2647 847 2755 prodest
869 2657 990 2754 aliquid
1005 2682 1015 2727 ε
1029 2660 1090 2730 ¹sed

83 2832 84 2835 ,
125 2764 253 2836 animus
283 2789 386 2854 acer,
412 2784 445 2837 et
473 2767 646 2861 praesens,
671 2786 705 2839 et
732 2776 845 2842 acutus
870 2767 959 2838 idem
990 2789 1089 2866 atque

125 2873 296 2962 versutus,
323 2873 465 2948 invidos
490 2873 584 2947 viros
608 2874 733 2967 efficit,
750 2901 820 2948 non
843 2875 1005 2968 difficilius
1020 2893 1089 2948 arte

126 2982 311 3056 coniundla.
804 3010 807 3013 ’

78 3106 122 3172 85-
176 3095 289 3186 Quare
316 3118 381 3192 ego
403 3092 465 3166 tibi
487 3085 658 3171 oratorem
679 3092 724 3182 fic
750 3093 815 3166 iam
844 3092 1035 3185 instituam,
1064 3093 1088 3166 fi

126 3222 264 3300 poter0,
290 3230 326 3279 ut
342 3204 421 3303 quid
436 3205 563 3279 efficere
581 3205 695 3302 polltt,
715 3230 789 3279 ante
808 3206 1011 3305 perspiciam.
1040 3207 1090 3280 Sit

126 3319 215 3388 enim
235 3320 316 3391 mihi
332 3321 448 3394 tinelus
466 3321 589 3408 literis;
619 3321 758 3407 audierit
778 3320 921 3418 aliquid,
950 3320 1088 3418 legerit,

126 3425 184 3498 ista
197 3427 264 3522 ipsa
282 3450 457 3528 praecepta
478 3432 662 3528 acceperit:
703 3430 838 3503 tentabo
853 3429 934 3527 quid
947 3427 1088 3515 deceat,

126 3538 208 3638 quid
224 3561 333 3627 voce,
366 3540 452 3639 ‘quid
477 3538 729 3646 viribus,quid
753 3537 888 3636 spiritu,
916 3537 997 3634 quid
1020 3535 1089 3608 lin·

126 3675 190 3746 gua
206 3648 455 3745 efficere-poffit.
504 3649 536 3719 Si
559 3650 737 3748 intelligam
766 3650 858 3747 polle
884 3650 926 3721 ad
939 3647 1087 3720 summos

127 3754 323 3851 pervenire:
359 3778 435 3830 non*
446 3754 551 3828 solum
571 3756 752 3850 hortabor,
777 3779 814 3829 ut
831 3756 1003 3849 elaboret,
1026 3755 1088 3831 sed
