2302 4304
136 230 215 360 66Ι
364 285 454 358 DE
504 286 875 358 ORATORE

26 436 29 443 ¹
132 448 197 537 tis,
215 406 436 571 perventuros
458 447 499 519 ab
518 447 586 518 hoc
612 444 752 518 aditu
714 471 904 544 ,mnuaque
929 445 1104 543 patefae'la
1142 440 1149 503 l

72 590 118 640 205
138 557 246 651 Nobis
272 581 387 644 vero,
411 555 528 652 inquit
557 553 739 649 Sulpicius,
766 553 823 625 isla
849 554 921 627 stmt
947 580 1102 654 pergrata
1143 568 1149 615 ³·

61 701 64 706 ·
138 688 263 771 perque
291 668 458 741 iucunda:
482 666 538 739 sed
564 689 668 761 pauca
689 664 790 736 etiam
811 663 1033 767 requirimus,
1050 667 1103 740 in-
1135 748 1141 757 ¹

138 780 316 879 primisque
338 805 397 869 ea,
424 804 508 876 quae
522 778 618 850 valde
631 775 777 849 breviter
796 802 815 846 a
832 798 883 865 te,
906 777 1038 868 Crasse,
1062 780 1104 851 de

33 878 36 883 Α
139 891 208 988 ipsa
234 907 303 962 arte
329 887 480 985 percursa
507 887 604 975 sunt,
631 911 707 959 cum
727 885 781 957 illa
797 902 834 956 'te
857 909 891 958 et
919 913 990 979 non
1018 915 1104 962 con·

140 1020 311 1090 temnere,
334 1019 368 1072 et
392 999 537 1072 didicisse
560 997 764 1073 confiterere.
791 1024 830 1070 ea
848 1000 871 1070 sr
886 1000 986 1097 paulo
1009 1002 1105 1078 latius

141 1113 288 1202 dixeris,
314 1112 454 1208 expleris
480 1136 617 1184 omnem
650 1110 926 1207 exspeslationem
956 1111 1106 1191 diuturni

141 1220 291 1293 defiderii
313 1220 425 1293 nostri.
453 1223 541 1292 Nam
567 1245 682 1310 nunc,
705 1221 823 1318 quibus
839 1220 1035 1294 studendum
1049 1248 1106 1295 re-

142 1333 201 1404 bus
224 1331 325 1421 esset,
352 1333 561 1428 accepimus,
580 1331 673 1428 quod
699 1331 804 1427 ipsum
823 1332 870 1404 est
887 1357 998 1406 tamen
1011 1359 1106 1432 mag·

142 1469 249 1527 num3
272 1442 327 1515 sed
353 1444 424 1516 vias
446 1469 559 1514 earum
573 1468 685 1514 rerum
703 1444 931 1544 rationemque
954 1446 1107 1542 cupimus

78 1567 126 1617 20⁶
144 1552 362 1651 cognoscere·
384 1554 476 1647 Quid
494 1556 539 1644 st,
553 1554 661 1652 inquit
680 1555 824 1647 Crassus,
841 1558 1002 1655 quoniam
1020 1585 1108 1656 ego,
1139 1566 1143 1572 ’

81 1738 84 1743 ,
143 1663 213 1759 'quo
239 1659 365 1734 facilius
382 1688 446 1736 vos
469 1663 556 1758 apud
577 1688 630 1734 me
643 1681 820 1751 tenerem,
846 1663 972 1740 vestrae
994 1668 1108 1763 potius

143 1777 316 1850 obsecutus
342 1777 418 1850 sum'
438 1779 628 1868 voluntati,
655 1805 754 1876 quam
778 1798 834 1852 aut
855 1778 1107 1871 consuetudini,
1127 1803 1129 1808 ·

143 1910 200 1960 aut
227 1906 360 1967 naturae
393 1916 509 1979 meae,
538 1891 680 1986 petimus
711 1890 754 1961 ab·
780 1889 954 1978 Antonio,
981 1910 1020 1964 ut
1043 1917 1108 1969 ea,

143 2023 228 2096 quae
263 2000 411 2076 continet
425 1987 449 2089 ‚⁹
463 2020 571 2097 neque
596 2000 890 2095 adhucprontlit,
917 2026 960 2072 ex
985 2002 1108 2098 quibus
1137 2044 1141 2049 ·

145 2133 248 2180 unum
269 2107 411 2181 libellum
434 2108 666 2208 srbiexcidisse
688 2108 879 2180 iamdudum
901 2106 1031 2204 questus
1044 2107 1109 2198 est,

71 2218 73 2223 ’
144 2219 291 2316 explicet
300 2221 397 2293 nobis
410 2275 420 2308 ,
435 2245 468 2292 et
481 2221 532 2293 illa
546 2220 676 2292 dicendi
690 2220 845 2318 mysteria
859 2220 1036 2292 enuntiet?
1060 2225 1110 2294 Ut

37 2384 41 2389 -
144 2329 317 2419 videtur,
310 2347 416 2427 mqutt
424 2330 592 2427 Srdprcrus
606 2356 681 2401 nam
693 2330 842 2401 Antomo
852 2330 998 2418 dicente,
1009 2330 1108 2402 etiam

81 2468 130 2520 207
144 2445 226 2540 quid
251 2461 288 2516 tu
305 2445 443 2533 sentias,
470 2444 693 2545 intelligemus.
738 2439 852 2511 Peto
844 2438 963 2536 igitur,
998 2439 1109 2536 inquit

146 2554 302 2638 Crassus,
325 2581 344 2625 a
366 2573 420 2643 te,
450 2555 608 2675 quoniam
628 2552 663 2624 id
685 2549 781 2622 nobis
793 2602 804 2635 ,
822 2547 969 2634 Antoni,
991 2547 1109 2621 nomi·

146 2661 243 2732 nibus
269 2660 304 2730 id
336 2661 472 2748 aetatis,
499 2661 610 2732 oneris
637 2661 678 2730 ab
704 2658 825 2729 horum
853 2656 1109 2729 adolescentium

148 2767 294 2840 studiis'
286 2767 492 2862 imponitur,
515 2787 552 2840 ut
571 2793 738 2863 exponas,
756 2765 885 2863 quid
865 2791 904 2837 ns
928 2765 968 2836 de
989 2767 1122 2854 rebus,

80 2877 131 2968 48
142 2884 229 2968 'quas
243 2899 262 2942 a
275 2894 308 2943 te
330 2872 443 2967 quaeri
460 2874 570 2960 videS,
589 2873 713 2949 sentias.
742 2870 994 2968 Deprehensum
1011 2873 1111 2968 equi·

148 2980 225 3051 dem
248 3003 322 3066 me,
340 2976 448 3074 inquit
470 2977 659 3067 Antonius,
683 2980 778 3074 plane
798 2978 899 3050 video
922 2996 1021 3074 atque
1034 2978 1110 3051 sen-

63 3122 72 3133 ’
149 3089 221 3177 tio,
244 3108 314 3157 non
335 3084 441 3158 solum
463 3087 555 3182 quod
579 3110 616 3171 en
642 3085 852 3181 requiruntur
874 3109 894 3154 a
917 3107 995 3172 me,
1022 3107 1125 3179 quos

149 3219 236 3268 rum
251 3194 357 3267 sum
349 3220 480 3291 rgnarus
503 3217 600 3291 atque
629 3193 789 3281 insolens,
812 3191 869 3264 sed
896 3190 993 3286 quia,
1015 3191 1125 3286 quod·

150 3305 187 3376 in
214 3303 314 3375 causis
339 3303 435 3377 valde
457 3303 570 3402 fugere
592 3304 708 3392 soleo,
728 3327 769 3373 ne
782 3301 868 3390 tibi,
882 3299 1021 3389 Crasse,
1034 3302 1112 3373 suc
1133 3392 1137 3398 Ι

87 3431 135 3486 zos
153 3414 289 3501 cedam,
312 3412 346 3483 id
365 3440 418 3485 me
437 3440 525 3486 nunc
548 3414 598 3485 isti
618 3414 723 3488 vitare
747 3437 817 3483 non
841 3355 959 3485 sinunt.
983 3397 1111 3489 Vermn

152 3521 220 3595 hoc
246 3517 410 3613 ingrediar
437 3522 477 3593 ad
493 3542 552 3610 ea,
576 3546 659 3617 quae
685 3520 799 3611 ¹vultis,
824 3519 994 3608 audacius,
1015 3519 1113 3614 quod

153 3627 242 3701 idem
264 3628 348 3700 mihi
365 3628 459 3726 spero
487 3627 544 3711 usu
566 3628 629 3699 effe
653 3647 829 3722 venturum
852 3629 888 3700 in
911 3631 974 3700 hac
1001 3629 1112 3726 dispu-

155 3740 301 3834 tatione,
322 3738 415 3836 quod
437 3738 481 3810 in·
493 3736 635 3811 dicendo
658 3739 738 3813 solet
752 3744 772 3832 ,⁴
787 3762 825 3814 ut
843 3738 929 3813 nulla
946 3739 1114 3837 exspecte-

61 3928 127 4024 κ
209 3908 213 3915 ,
