2302 4304
138 105 151 141 l

125 275 173 351 m
352 256 858 334 DEORATORE
980 294 983 298 ,

123 437 166 488 ex
190 437 243 488 me
260 417 411 492 audiebas
419 418 465 520 ,)
481 419 562 496 mihi
582 419 673 493 illum
694 446 736 494 ex
763 424 895 514 multis,
916 422 1088 524 variisque,

123 523 352 619 sermonibuu,
374 531 491 605 nudlius
518 531 587 621 rei,
613 556 696 629 quae
718 533 853 630 quidem
878 534 986 609 effet
976 564 1014 609 m
1030 539 1088 613 bis·

125 634 270 728 artibus,
292 638 332 710 de
354 640 473 736 quibus
500 640 623 737 aliquid
643 639 824 717 existimare
847 644 997 740 possem,
1024 671 1091 720 ru-

93 743 203 819 edem
220 768 275 821 aut
294 749 440 847 ignarum
462 749 525 825 else
550 749 667 830 visum.
692 753 757 827 Sed
776 753 837 827 ιιιιι
851 755 941 826 hoc
932 783 969 828 m
984 775 1088 829 utro-2

127 883 192 957 que
218 882 332 932 eorum
343 915 364 951 „
378 882 415 934 ut
439 859 570 934 Craffus
599 885 669 934 non
691 861 760 937 min
785 862 960 943 existimari
983 865 1095 940 vellet·

127 990 198 1042 non
218 967 388 1060 didicisse,
412 994 513 1066 quam
537 969 591 1042 illa
620 970 807 1070 despicere,
833 991 868 1043 et
894 971 1087 1049 nostrorum

127 1077 304 1153 hominum
324 1080 359 1151 in
379 1079 474 1157 omni
486 1104 605 1179 genere
617 1081 824 1178 prudentiam
845 1082 981 1156 Graecis
992 1101 1097 1156 ante-1

33 1172 37 1185 ’
129 1186 238 1267 serre:
260 1194 425 1279 Antonius
454 1216 564 1270 autem
587 1196 844 1293 probabiliorem
869 1198 947 1282 hoc¹
960 1198 1103 1295 populu,

130 1302 318 1379 orationem
344 1298 417 1376 fore
437 1304 589 1377 censebat
606 1305 757 1397 suam,sr
779 1306 918 1379 omnino
941 1306 1100 1381 didicisse·

131 1438 299 1510 nunquam
315 1436 482 1511 putaretur
495 1443 507 1492 ι,
518 1439 616 1513 atque
633 1417 678 1489 ita
696 1415 728 1488 se
746 1435 883 1514 uterque
902 1418 1095 1515 graviorem

131 1520 228 1610 fore,
252 1520 277 1591 fi
305 1521 385 1594 alter
412 1541 652 1615 contemnere,
671 1523 751 1601 alter
776 1548 819 1602 ne
840 1522 931 1599 nosse
956 1523 1101 1679 quidem.

131 1635 280 1707 Graecos
304 1631 484 1712 videretur.

100 1743 341 1835 eQuotum
358 1744 529 1834 consilium
542 1746 636 1846 quale
650 1747 772 1840 suerit,
785 1748 869 1821 nihil
880 1748 960 1821 bne
973 1708 1108 1823 adhoc..

134 1867 285 1948 tempus
313 1851 395 1926 Illud
412 1874 521 1929 autem
543 1856 589 1929 est
606 1857 700 1931 huius
722 1801 891 1930 institutae
907 1852 1105 1950 scriptionis

135 1985 175 2035 ac
195 1963 379 2059 temporis,
401 1964 567 2038 neminem
586 1965 794 2063 eloquentia,
814 1989 882 2036 non
900 1963 1006 2034 modo
1030 1961 1106 2050 stne.

135 2072 268 2171 dicendi
281 2074 460 2168 dodltina,
481 2074 600 2149 sedne
626 2073 691 2164 stne
715 2074 957 2174 omniquidem
971 2072 1108 2170 sapien-e

98 2211 119 2262 2
137 2189 206 2277 tia,
224 2185 345 2269 llorere
368 2214 517 2287 unquam
537 2204 572 2260 et
594 2184 758 2284 praestare
782 2182 933 2284 pontisse.
961 2180 1109 2270 Etenim.

33 2371 39 2397 ,
139 2325 263 2391 ceterae
284 2301 352 2379 sere
374 2303 517 2378 arcesse
538 2301 624 2399 ipsae
648 2325 707 2398 per
731 2298 763 2374 se
780 2312 919 2377 'tuentur
935 2290 1077 2388 smgulfle
1090 2313 1109 2369 ²:

48 2497 50 2501 ¹
138 2414 224 2486 bene
246 2413 357 2489 dicere
367 2437 518 2502 autem,
544 2412 637 2511 quod
660 2407 706 2482 est
733 2406 896 2494 scienter,
915 2419 948 2476 et
970 2402 1112 2497 perite,

140 2543 174 2599 et
194 2546 312 2620 ornate
329 2525 460 2612 dicere,
480 2548 550 2595 non
572 2520 670 2594 habet
695 2516 863 2601 defuritam
884 2505 1028 2609 aliquam
1048 2535 1113 2583 reu

142 2630 300 2730 gionem,
327 2631 419 2721 cuius
444 2629 592 2711 terminis
624 2628 713 2723 septa
742 2642 901 2711 teneatur..
952 2617 1114 2710 Omnia,
1135 2635 1137 2639 ·

143 2760 359 2833 quaecunque
375 2732 411 2809 in
424 2720 600 2813 bominum
614 2729 884 2851 disceptationem
897 2725 1013 2798 cadere
1027 2725 1118 2822 pos

144 2845 239 2935 sunt,
256 2845 341 2921 bene
362 2842 486 2919 sunt
457 2867 488 2918 er
512 2839 665 2924 dicenda,
692 2840 757 2936 qui
775 2838 842 2929 hoc
865 2834 896 2907 se
915 2831 1007 2930 posse
1024 2857 1114 2930 pro-2

145 2953 203 3031 fite
186 2976 283 3055 tur,
308 2973 363 3029 aut
390 2951 596 3050 eloquentiae
623 2970 761 3024 nornen
757 2942 1024 3043 relinquendum
1051 2940 1119 3028 est.

113 3034 261 3155 ¹⁶Qua're
296 3061 451 3161 equidem
483 3084 516 3136 et
551 3061 588 3136 in
616 3055 726 3149 nostra
751 3055 902 3140 civitate,
926 3068 959 3123 et
983 3048 1024 3125 in
1016 3046 1114 3149 ipsa

150 3176 305 3263 Graecia,
313 3201 401 3303 quae
426 3177 562 3298 semper
576 3172 674 3251 haec
688 3172 823 3253 summa
828 3166 959 3271 deruit,
975 3162 1141 3253 mrdtoe«¹

149 3309 184 3359 et
212 3288 376 3386 ingeniis,
404 3306 437 3381 et
478 3311 595 3386 magna
628 3284 723 3359 laude
757 3270 901 3359 dicendi
923 3274 989 3347 sin'e
1020 3273 1117 3348 sum·

21 3411 26 3425 ‘
151 3397 206 3471 ma
234 3423 345 3470 rerum
382 3398 535 3471 omnium
559 3396 692 3473 scientia
713 3374 822 3491 bitte
841 3382 992 3465 fateor:-
995 3386 1118 3459 taient

146 3494 239 3583 [vero
262 3507 398 3583 existere
420 3507 664 3630 eloquentiam,
688 3480 800 3607 qualis
810 3476 941 3587 suerit
933 3523 969 3570 ιιι
994 3494 1122 3571 craffo

154 3642 189 3699 et
217 3619 387 3709 Antonio,
406 3645 475 3692 non
502 3615 642 3746 cognitis
659 3615 758 3686 rebus
780 3612 959 3699 omnibus,
974 3631 1059 3707 quae
1073 3606 1118 3678 ad

155 3754 278 3816 tantam
301 3738 518 3836 prudentiam
526 3731 753 3834 pertinerent,
757 3747 961 3824 tantamque
982 3720 1126 3801 dicendi}

66 3876 121 4024 ἱ
177 4063 178 4067 ψ
