2302 4304
400 311 770 416 andrus}
972 318 1037 418 tm

60 491 98 543 et
130 488 304 567 praecepta
337 472 505 562 Siculos„
524 474 690 546 Coracem
725 494 758 547 et
786 475 909 550 Tisiam
941 505 1026 555 con·

61 581 233 678 scripsisse.
276 583 369 667 Nam
400 605 493 653 antea
516 583 681 654 neminem
708 584 840 668 solitum
865 588 937 678 via,
962 617 1029 665 nec.

63 710 156 783 arte,
180 692 237 764 sed
259 712 408 766 accurate
435 714 563 784 tamen,
589 716 622 766 er
645 694 685 766 de
706 693 830 792 scripto
852 696 1025 796 plerosque

63 802 200 889 dicere3
234 800 429 900 scriptasque
460 802 554 875 fuisl'e
585 816 634 875 et'
651 824 777 900 paratas
800 829 818 874 a
844 807 1026 903 Protagora

62 939 176 988 rerum
195 911 366 988 illustrium
387 914 640 1013 disputationes,
666 943 750 1015 quae
773 943 861 992 nunc
875 920 1027 992 commu-

64 1046 122 1094 nes
147 1023 348 1119 appellantur
362 1021 440 1093 loci.
489 1023 703 1113 Quod-idem
719 1021 828 1097 secisse
847 1024 1025 1120 Gorgiam,
1042 1053 1074 1102 ιγ
1118 1034 1131 1057 ’·

64 1154 145 1201 cum
179 1129 378 1227 singularum
408 1140 518 1200 rerum
555 1129 666 1200 laudes
702 1131 1027 1229 vituperationesque
1093 1162 1102 1183 0

63 1239 330 1337 conscripsissem
365 1239 456 1335 quod
488 1239 654 1310 iudicaret
679 1239 746 1310 hoc
783 1242 927 1312 oratoris
961 1241 1026 1314 esse
1055 1320 1072 1332 „

62 1351 210 1425 maxime
244 1349 436 1446 proprium,
471 1375 542 1419 rem
571 1375 689 1446 augere
724 1350 816 1447 posse
840 1352 1025 1442 laudando,

64 1460 352 1556 vituperandoque
385 1459 491 1531 rursiu
514 1459 666 1556 affligere
715 1462 802 1533 Huic
833 1463 1069 1560 Antiphon·-

64 1593 134 1642 tem
167 1567 404 1641 Rhamnusium
435 1569 546 1641 fimilia
580 1571 741 1672 quaedam
768 1573 913 1645 habuisse
938 1601 1024 1687 cop-

16 1772 21 1777 ·
64 1681 208 1776 scripta,
233 1705 302 1803 quo
326 1679 492 1749 neminem
523 1706 672 1776 unquam
696 1681 810 1752 melius
828 1683 928 1754 ullam
949 1711 1026 1756 ora·

64 1790 147 1863 visse
171 1790 287 1885 capitis
310 1789 455 1878 causam,
485 1815 562 1861 cum
588 1791 620 1861 se
638 1792 712 1887 ipse
738 1792 955 1883 defenderet,
991 1796 1025 1867 se

63 1903 217 1973 audiente
235 1953 261 1989 ‚-
291 1901 437 1996 locuples
477 1901 593 1981 auster
635 1899 758 1998 scripsit
796 1902 1022 2001 Thucydides.

63 2014 149 2082 Nam
186 2011 316 2109 L'ysram
350 2011 461 2106 primo
487 2010 638 2109 profiteri
671 2013 803 2085 solitum
828 2037 933 2086 artem
956 2017 1022 2090 esse
1039 2040 1071 2106 48

61 2124 219 2222 dicendi3
256 2123 393 2210 deinde,
434 2125 526 2220 quod
551 2123 762 2196 ‘Theodorus
791 2125 870 2196 eslet
895 2128 930 2198 in
953 2153 1022 2200 arte

62 2233 171 2306 subtili
159 2258 230 2321 ·0r,
254 2232 289 2302 in
316 2233 521 2304 orationibus
552 2250 661 2310 autem
693 2232 862 2321 ieiunior,
898 2236 1024 2304 oratio-

61 2371 119 2418 nes
140 2371 218 2416 eum
246 2344 386 2421 scribere
413 2345 482 2417 aliis
502 2338 664 2440 coepisse,
703 2362 803 2414 artem
832 2346 1021 2419 removisse.
1073 2407 1075 2414 ,

61 2457 218 2528 Similiter
240 2439 415 2531 Isocratem
451 2455 561 2553 primo
597 2474 699 2525 artem
722 2454 854 2525 dicendi
877 2455 940 2541 esse
965 2464 1022 2528 n‘e-

59 2566 207 2663 gavisse,
246 2569 385 2639 scribere
422 2594 462 2638 au
464 2584 530 2637 tem
560 2565 628 2636 aliis
664 2563 796 2634 solitum
832 2564 1020 2656 orationes,

60 2678 211 2773 quibus
202 2704 238 2747 m
260 2678 408 2752 iudiciis
406 2676 595 2751 uterentur:
622 2670 696 2760 sed,
718 2699 794 2746 cum
808 2700 848 2746 ex
865 2701 907 2747 eo
924 2674 1048 2775 (quia

52 2787 152 2882 quast
175 2789 396 2863 committeret
418 2808 533 2863 contra
555 2788 689 2910 legem,
707 2812 776 2886 quo
800 2789 872 2887 quis
894 2789 1019 2861 iudicio

61 2896 406 2996 circumveniretur,)
435 2899 529 2994 saepe
556 2895 678 2992 ipsein
685 2888 858 2969 iudicium
879 2922 1020 2972 vocare·
1084 2897 1086 2901 ’

60 3028 131 3114 tur3
155 3006 323 3079 orationes
345 3008 413 3081 aliis
434 3005 585 3080 destitisse
605 3005 761 3095 scribere,
786 3024 962 3114 totumque
986 3006 1019 3075 se

60 3117 102 3187 ad
129 3134 215 3189 artes
247 3120 494 3214 componendas
530 3116 730 3195 transltdisse
793 3120 834 3186 Et
858 3115 1017 3208 Graeciae
1041 3143 1078 3215 13

60 3226 196 3321 quidem
226 3246 398 3300 oratorum
427 3246 550 3326 partus,
579 3245 675 3324 atque
702 3225 812 3295 sontes
831 3224 943 3312 vides,
977 3204 1021 3294 ad
1035 3261 1066 3309 49

60 3344 252 3417 nostrorum
278 3344 440 3413 annalium
471 3342 653 3427 rationem,
680 3355 834 3420 ueteres;
862 3337 904 3407 ad
925 3335 1017 3431 ipso-

59 3480 152 3541 rum,
178 3453 253 3526 sane
272 3469 430 3525 recentes.
479 3453 567 3522 Nam
595 3468 770 3545 antequam
795 3447 951 3519 deletlata
973 3446 1021 3516 est'

58 3560 308 3634 Atheniensrum
334 3559 450 3633 civitas
466 3558 527 3629 hac
544 3556 637 3627 laude
657 3555 807 3642 dicendi,
833 3555 934 3625 multa
952 3552 1017 3623 iam
1087 3618 1093 3629 ,

56 3673 290 3766 memorabilia
316 3689 350 3743 et
376 3672 412 3744 in
445 3666 632 3741 domesticis
657 3666 747 3737 etin
775 3663 898 3736 bellicis
921 3661 1018 3733 rebus
1051 3740 1056 3755 1

54 3787 224 3866 effecerat.
272 3788 476 3861 Hocautem
497 3779 640 3853 studium
661 3802 731 3853 non
749 3794 817 3850 erat
840 3795 1017 3848 commune

139 3890 236 3958 Cicer.
261 3888 356 3979 Oper.
380 3887 452 3956 Vol.
467 3883 544 3952 Π.λ
791 3876 831 3954 V¹
905 3928 917 3971 .-
976 3875 978 3879 ’

446 4068 449 4073 ’
459 4088 470 4121 t
