2302 4304
386 301 711 391 fruenti.
861 256 875 382 ·'.
921 401 926 415 Ι
981 336 1026 411 93
1096 260 1125 341 ’·

61 458 120 541 fed
138 454 225 565 (vel
238 487 275 540 tu
294 488 356 540 nos
376 466 514 564 ineptos
527 470 630 559 licet,
652 468 785 568 inquit,
803 468 858 544 vel
871 471 1030 548 molestos
1118 497 1131 557 ·;;

62 580 192 680 putes)
216 604 293 657 cum
313 583 357 654 'ad
383 605 438 657 me
465 581 501 656 in
523 585 746 676 Tusculamun
769 578 933 685 [inquit]
958 587 1029 659 heri
1117 607 1121 613 ·

54 690 197 788 *vesperi
222 691 362 766 venisset
392 693 510 770 Caesar
546 695 587 767 de
615 696 805 769 Tusculano
836 698 916 788 suo,
944 702 1029 776 dixit

64 802 171 888 mihi,
189 805 218 874 a'
231 802 264 875 se
289 801 484 878 Scaevolam
510 805 588 877 hinc
619 824 755 878 euntem
781 803 846 878 etse
877 834 1028 884 conven-

61 935 159 1002 tum,
176 937 220 985 ex
241 939 311 1011 quo
334 914 418 985 mira
435 904 596 1012 quaedam
615 915 787 989 se'audisse
801 917 931 992 dicebat
944 974 956 1010 ‚
969 939 1029 1010 te,

59 1049 164 1120 quem
188 1045 253 1122 ego
283 1025 381 1097 toties
424 1026 519 1098 omni
540 1026 668 1099 ratione
691 1049 821 1102 tentans
846 1031 888 1103 ad
917 1030 1028 1127 dispu-

62 1130 202 1204 tandum
209 1132 328 1205 elicere
342 1157 411 1207 non
424 1135 601 1230 potuissem
613 1189 632 1225 s„
639 1124 800 1232 permulta
813 1137 854 1209 de
872 1137 1029 1235 eloquen·
1050 1142 1053 1149 ’

62 1243 108 1315 tia
126 1244 207 1315 cum
224 1243 374 1314 Antonio
391 1243 590 1334 disseruisse,
611 1264 645 1317 et
662 1262 818 1342 tanquam
837 1244 873 1316 in
894 1245 1028 1337 schola,
1115 1243 1121 1255 ’

66 1366 172 1449 prope
194 1350 237 1422 ad
263 1344 472 1424 Graecorum
511 1353 809 1438 consuetudinem,
844 1353 1026 1451 disputasse.

65 1459 177 1561 Itaque
192 1459 295 1532 frater
321 1461 474 1536 exoravit
496 1485 575 1550 me,
596 1460 702 1556 ipsum
724 1458 859 1556 quidem
880 1487 900 1532 a
917 1459 1026 1534 fludio
1049 1499 1079 1546 η

62 1567 219 1638 audiendi
236 1591 307 1638 non
323 1568 421 1641 nimis
440 1568 699 1673 abhorrentem,
722 1567 798 1657 sed,
822 1569 1026 1659 mehercule,

61 1694 256 1761 verentem,
282 1700 324 1750 ne
361 1676 490 1759 molesti
524 1677 624 1750 vobis
654 1678 954 1767 interveniremus,
984 1700 1022 1753 ut

60 1788 127 1862 huc
153 1789 265 1862 secum
295 1790 456 1863 venirem.
505 1791 698 1862 Scaevolam
728 1791 889 1864 enimita
915 1792 1025 1867 dicere

59 1901 191 1990 aiebat,
218 1903 343 1973 bonam
365 1921 494 1998 partem
518 1902 677 1994 sermonis
696 1903 732 1973 in
748 1901 836 1977 hunc
849 1903 939 1976 diem
960 1904 1025 1976 esse

59 2012 206 2097 dilatam
238 2013 315 2083 Hoc
333 2010 357 2081 fi
373 2033 410 2083 tu
435 2010 585 2107 cupidius
607 2009 924 2102 fastumexislimas,
937 2011 1025 2084 Cae·

59 2117 122 2190 fari
147 2118 330 2192 attribues:
353 2112 378 2190 fi'
397 2118 609 2210 familiarius,
627 2122 762 2218 utrique
783 2121 943 2195 nostrum.
961 2147 1024 2194 nos

44 2225 226 2317 quidem,
252 2224 311 2295 nist
337 2224 425 2297 forte
452 2225 579 2298 molesti
605 2226 869 2312 intervenimus,
899 2228 1024 2302 venisse

58 2332 209 2406 delesiat.
232 2334 322 2405 Tum
340 2332 489 2423 Crassus,
506 2334 667 2429 Equidem
680 2385 691 2417 ,
704 2357 920 2429 quaecunque
933 2336 1024 2415 causa
1043 2361 1066 2426 4
1126 2365 1129 2374 ·

60 2468 125 2516 vos
148 2445 216 2518 huc
237 2447 413 2535 audisset,
444 2445 607 2533 laetarer,
630 2470 707 2515 cum
732 2446 820 2540 apud
845 2470 900 2518 me
925 2448 1021 2522 vide-
1047 2475 1070 2520 ις

59 2580 132 2630 rem
150 2559 304 2632 homines
330 2561 412 2632 mihi
437 2557 617 2632 cariffimos
643 2575 676 2628 et
694 2554 903 2631 amicissimos
928 2584 937 2631 ε
968 2559 1023 2634 fed

59 2681 194 2757 tamen,
219 2683 300 2740 ver'e
317 2668 447 2757 dicam,
468 2664 606 2764 quaevis
628 2666 759 2738 mallem
782 2666 909 2755 finisset,
923 2695 1021 2768 quam

59 2773 143 2865 ista,
166 2802 267 2874 quarn
288 2779 379 2852 dicis.
393 2782 478 2876 'Ego
504 2776 593 2849 enim
627 2776 718 2873 (ut,
740 2779 1020 2875 quemadmodum
1129 2802 1131 2808 ⁴

57 2884 191 2978 sentio,
214 2886 362 2984 loquar)
389 2912 558 2984 nunquam
575 2885 657 2958 mihi
682 2886 811 2976 minus,
834 2912 935 2985 quam
961 2889 1020 2960 he·

58 2998 172 3072 sterno
193 3002 270 3091 die,
288 3002 420 3098 placui,
437 2999 565 3099 (magis
578 3002 662 3101 adeo
674 3001 709 3072 id
731 2998 906 3086 facilitate,
920 3024 1019 3095 quam

55 3109 122 3180 alia
143 3100 216 3182 ulla¹
231 3112 326 3208 culpa
352 3136 426 3183 mea
451 3111 592 3208 contigit
605 3108 650 3207 3)
675 3108 830 3206 quidum
854 3107 1019 3205 obsequor

55 3219 341 3311 adolescentibus,
357 3247 412 3294 me
425 3223 535 3294 senem
558 3220 621 3292 esse
636 3219 706 3292 sum
718 3217 864 3306 oblitus,
889 3216 1019 3316 fecique
1089 3307 1090 3311 Ἴ

55 3331 110 3419 id,
143 3333 244 3430 quod
270 3358 312 3405 ne
344 3333 531 3407 adolescens
560 3331 694 3430 quidem
725 3329 893 3419 feceram,
919 3347 956 3402 ut
979 3329 1019 3402 iis

53 3443 100 3514 cle
126 3443 247 3534 rebus,
268 3471 353 3542 quae
373 3446 521 3518 doslrina
532 3444 640 3542 aliqua
658 3442 930 3528 continerentur,
952 3439 1018 3512 dis·
1112 3480 1118 3489 -

53 3568 223 3649 putarem.
251 3554 316 3626 sed
332 3555 399 3628 hoc
421 3573 532 3629 tamen
553 3553 672 3630 cecidit
692 3554 774 3627 mihi
790 3577 1017 3653 peropportu-

54 3687 129 3751 ne,
155 3662 249 3759 quod
265 3664 429 3761 transadis
450 3666 514 3738 iam
539 3666 620 3738 meis
646 3667 813 3763 partibus,
839 3667 880 3736 ad
906 3666 1016 3734 Anto·
1068 3682 1073 3693 “

54 3771 152 3844 nium
172 3770 372 3847 audendum
395 3772 538 3850 venistis.
572 3774 667 3846 Tum·
685 3773 819 3862 Caesar,
841 3768 1016 3871 Equidem,
1040 3769 1069 3842 is
