2302 4304
372 280 749 408 anurus'
866 313 868 318 ’
934 334 998 433 u1

42 522 124 572 rum
145 493 253 587 ultor,
279 498 393 569 audior
412 496 540 586 salutis,
557 494 724 593 'quidquid
746 493 880 587 habuit,
898 522 1004 591 quan·

47 626 260 706 tumctmque
283 608 362 697 suit,
391 609 471 679 illud
490 625 599 681 totum
620 607 733 680 habuit
752 633 794 678 ex
819 607 1003 705 disciplina:
1040 633 1044 642 ·

47 714 265 790 instrumenta
279 734 410 788 naturae
425 717 572 789 deerant:
593 717 647 789 sed
664 735 773 789 tantus
790 715 890 787 animi
902 716 1008 812 splen-

48 826 145 916 dor,
184 841 217 896 et
248 842 337 896 tanta
364 823 585 922 magnitudo,
624 842 661 893 ut
681 819 739 891 fibi
764 819 899 910 omnia,
924 846 1009 918 quae
1098 810 1114 835 ³

50 936 220 1020 'clarontm
243 935 393 1008 virorum
413 934 535 1022 essent,
556 954 625 1003 non
639 931 801 1003 dubitaret
822 931 1010 1021 adsciscere,

17 1031 23 1037 ⁶
50 1044 157 1141 eaque
178 1044 272 1115 omni
291 1044 448 1142 dignitate
467 1042 643 1114 obtineret.
691 1040 727 1112 L.
754 1059 863 1111 autem
890 1043 1012 1112 Lentu-

51 1147 102 1222 lus
129 1149 204 1221 satis
228 1170 298 1222 erat
323 1150 420 1222 fortis
443 1167 578 1238 orator,
610 1147 762 1220 simodo
789 1168 926 1235 orator;
954 1147 1010 1220 sed

50 1254 225 1357 ¹cogitandi
243 1285 311 1330 non
330 1258 455 1332 ferebat
476 1258 636 1330 laborem.
657 1281 729 1328 vox
749 1280 889 1346 canora,
910 1256 1032 1330 verba·

50 1386 126 1440 non
144 1369 281 1440 horrida
301 1369 397 1460 sane,
424 1385 461 1441 ut
481 1367 576 1464 plena
599 1365 678 1437 esset
700 1365 805 1438 animi
823 1389 856 1438 et
879 1367 1014 1439 terroris

53 1477 178 1546 oratio.
204 1501 376 1570 quaereres
392 1477 427 1547 in
440 1475 569 1548 iudiciis
589 1473 725 1547 fortasse
744 1475 877 1550 melius:
902 1478 938 1549 in
958 1503 1014 1548 re·

50 1579 207 1674 publica,
224 1582 314 1677 quod
336 1602 422 1674 erat,
444 1585 508 1657 esse
532 1587 691 1660 iudicares
711 1586 794 1660 satis.
823 1590 875 1660 Ne
887 1592 928 1661 T.
942 1590 1015 1687 qui-
1031 1609 1078 1674 ²⁶9

50 1689 135 1760 ‘dem
159 1689 342 1766 Postumius
369 1688 629 1770 contemnendus
656 1698 691 1768 in
709 1695 872 1786 dicendo;
900 1702 940 1771 de
959 1726 1015 1772 re-

51 1795 192 1893 'publica
212 1822 300 1871 veto.
320 1827 389 1873 non
414 1803 522 1875 minus
545 1805 724 1879 vehemens
745 1828 879 1897 orator,
915 1831 1014 1904 quam
1033 1796 1037 1821 ’

53 1905 202 1978 bellator
222 1905 303 1980 ibit:
329 1909 524 2003 effrenatus,
551 1931 585 1985 et
607 1938 683 1986 acer
706 1914 824 2002 nimiS,
851 1915 906 1988 sed
932 1917 1015 1988 bene
1117 1998 1120 2004 .

53 2015 142 2088 'iuris
162 2017 284 2112 publici
307 2020 394 2118 leges
411 2039 507 2119 atque
528 2022 672 2094 instituta
694 2026 926 2120 cognoverat.⁴

53 2130 58 2141 '
109 2127 190 2199 Hoc
214 2129 293 2200 loco
319 2130 469 2219 Atticus,
502 2133 653 2203 Putarem
680 2153 733 2220 te,
758 2132 886 2228 inquit,
912 2134 1017 2207 ambi·

52 2233 185 2312 tio‘sum
204 2242 283 2331 esse,
312 2242 335 2313 st
359 2242 422 2340 (ut
441 2240 572 2340 diiisli)
596 2244 636 2328 ii,
664 2269 749 2340 quos¹
771 2246 895 2316 iamdiu
920 2248 1016 2318 'colli-

61 2353 112 2450 gis
127 2406 140 2440 ,
178 2355 342 2428 viverent.
392 2360 519 2429 Omnes
549 2360 637 2428 enim
669 2379 933 2444 commemoras,
960 2357 1018 2452 qui

44 2461 131 2534 'aust
153 2463 329 2560 aliquando
344 2467 423 2540 'sint
444 2467 567 2538 slantes
580 2467 694 2564 loqui,
721 2483 758 2536 ut
785 2464 865 2534 mihi
889 2463 1018 2560 impru-

50 2575 147 2677 'dens
163 2571 212 2649 M.
220 2579 400 2653 ‘Servilium
421 2580 617 2677 praeteriisse
645 2579 787 2653 videare.
836 2579 937 2669 Non,
970 2580 1021 2650 in·
1037 2569 1082 2666 78

50 2680 188 2779 squam,
214 2711 277 2782 ego
291 2688 371 2761 illuc
390 2691 535 2786 ignom,
561 2689 748 2785 Pomponi,
776 2686 898 2771 multos
913 2688 1019 2780 fuisse,
1038 2708 1084 2758 270

53 2791 125 2888 qui
154 2794 295 2866 verbum
327 2823 496 2894 nunquam
526 2797 559 2866 in
584 2797 718 2893 publico
744 2794 910 2884 fecissent,
943 2816 1037 2871 cunt·

52 2897 186 2970 'melius
204 2902 369 2997 aliquanto
384 2901 534 2997 possent,
562 2928 660 3000 quam
680 2902 730 2973 isti
746 2923 913 2994 oratores,
935 2934 1021 3003 quos

49 3009 215 3107 'colligo,
241 3012 446 3112 diceretsed
469 3013 518 3084 his
541 3015 842 3086 commemorandis
865 3017 961 3088 etia'm
980 3021 1020 3088 il·

51 3121 126 3195 ‘lud
148 3115 320 3221 assequor,
344 3148 380 3196 ut
404 3122 599 3220 intelligatis
619 3124 768 3219 primum
788 3147 830 3191 ex
851 3126 943 3195 omni
963 3154 1023 3199 nu-

63 3225 183 3326 mero,
203 3263 305 3338 quam
326 3240 395 3310 non
413 3239 508 3310 multi
522 3239 586 3309 ausi
609 3237 670 3308 sint
690 3238 820 3325 dicere,
849 3237 966 3313 deinde
980 3269 1022 3315 ex

64 3347 109 3459 iis
128 3348 218 3445 ipsis,
245 3378 344 3449 quam
368 3350 464 3447 pauci
485 3350 607 3421 fuerint
630 3348 724 3419 laude
764 3350 863 3446 digni.
912 3357 1023 3454 ltaque
1041 3385 1085 3435 271

66 3486 112 3533 ne
130 3459 195 3534 bos
213 3465 348 3560 quidem
370 3464 493 3561 equites
514 3465 704 3558 Romanos,
732 3461 855 3534 amicos
874 3463 1022 3553 nostros,

10 3568 129 3670 ‘'qui
152 3574 393 3669 nuper-mortui
416 3575 506 3660 sunt,
536 3575 570 3641 P.
589 3570 781 3642 Cominium
806 3572 1022 3667 Spoletinum,

50 3694 142 3776 ‘quo
163 3684 333 3760 accusante
363 3683 492 3755 defendi
521 3680 799 3781 C.3Cornelium;
836 3681 870 3748 in
898 3707 967 3776 quo
991 3704 1024 3757 et

21 3790 27 3795 ’
48 3781 295 3887 scruposum
317 3792 448 3877 dicendi
462 3814 580 3889 genus,
606 3808 639 3860 et
658 3799 754 3878 acre,
781 3809 814 3858 et
831 3787 1023 3881 expeditum
