2302 4304
115 268 182 366 ‘m
372 242 920 407 onoanvoue

124 440 194 528 ‘tua
221 390 398 550 plurimum
424 449 532 522 valeat
558 409 694 519 oratio:
719 443 859 540 denique
887 439 1131 538 1191111611-ι

138 562 247 635 tibus,
251 557 392 645 diserte,
420 554 521 627 slulris
545 554 643 625 eriam
671 577 753 627 vere
791 550 901 621 dicere
936 548 1144 624 .videaris..

19 753 26 767 ‚
138 675 212 746 hoc
231 672 368 769 amplius
391 669 418 739 si
441 667 522 766 quid
545 666 695 763 poteris,
716 689 785 738 non
805 662 839 733 id
858 655 941 732 mihi
963 650 1145 769 videbi

138 805 193 857 tur
215 804 356 871 orator,
379 780 433 852 sed
458 777 589 849 Crassus
607 775 663 849 sua
689 776 830 873 quadam
851 773 1006 870 propria,
1028 798 1097 863 non

125 881 310 968 communi
337 910 511 964 oratorum
538 886 718 976 facultate,
743 884 848 982 posse.
895 932 898 938 -
944 898 947 903 ’

78 1030 114 1077 11
187 1004 277 1075 Tum
291 1002 365 1086 ille,
389 1001 470 1069 Non
485 996 574 1085 sum,
598 997 726 1094 inquit,
751 995 898 1083 nescius,
926 995 1099 1085 Scaevola,

87 1143 116 1192 45
138 1115 197 1186 illa
214 1115 301 1185 inter
312 1114 461 1183 Graecos
475 1107 540 1181 dici
563 1125 596 1181 et
614 1103 789 1201 disceptari
815 1102 937 1210 ¹solere.
985 1100 1100 1173 audivi
1133 1118 1145 1201 g

44 1300 53 1321 ‚
137 1212 231 1292 enim
240 1217 386 1288 summos
407 1214 587 1304 homines,
612 1239 688 1285 cum
702 1208 854 1310 quaestor
882 1237 924 1284 ex
937 1213 1099 1284 Macedo-
1135 1212 1145 1279 ζ

138 1331 192 1413 nia
206 1326 368 1401 venissem
384 1327 551 1414 Athenas,
576 1324 718 1398 florente
745 1324 942 1414 Academia,
966 1318 1004 1396 ut
1017 1349 1100 1399 tem·

138 1439 276 1539 poribus
302 1439 365 1511 illis
379 1437 573 1526 ferebatur,
612 1437 704 1534 quod
733 1462 806 1508 eam
819 1436 1044 1528 Charmadas,
1070 1460 1100 1511 et

139 1551 393 1641 Clitomachus,
418 1573 452 1624 et
464 1549 642 1623 Aeschines
656 1549 860 1630 obtinebant.
896 1574 966 1623 erat
1002 1552 1100 1622 eriam
1138 1560 1145 1565 '

47 1720 50 1727 .
138 1663 376 1753 Metrodorus,
401 1660 463 1759 qui
486 1688 563 1734 cum
585 1662 648 1733 illis
666 1687 731 1733 una
753 1660 869 1757 ipsum
874 1662 964 1735 illurn
994 1664 1102 1737 Char·

138 1769 271 1841 madam
295 1766 482 1865 diligentius
500 1767 681 1885 audierat,
708 1765 879 1839 hominem
901 1769 1054 1842 omnium
1068 1772 1102 1843 iu
1142 1844 1145 1851 ,

138 1872 304 1960 dicendo,
328 1891 366 1943 ur
379 1869 554 1959 serebant,
580 1871 775 1943 acerrimum
786 1892 820 1943 et
833 1862 1102 1971 copiosissimum.

139 1982 283 2078 Vigebat
310 1980 441 2069 auditor
468 1924 615 2053 Panaetii
638 1982 721 2053 illius
741 1980 790 2053 tui
808 1979 1074 2071 Mnesarchus3
1070 2002 1103 2057 et

87 2112 120 2176 46
138 2092 348 2189 Peripatetici
358 2089 499 2162 Critolai
508 2091 692 2164 Diodorus.
717 2093 815 2165 Multi
827 2113 920 2167 erant
932 2109 1103 2191 praeterea

26 2241 33 2252 ·
138 2205 300 2304 praeclari
327 2205 362 2276 in
376 2203 587 2302 philosophia
601 2227 634 2278 et
647 2205 774 2277 nobiles
788 2257 800 2294 ,
825 2207 973 2303 aquibus
987 2211 1103 2280 omni-

138 2319 199 2391 bus
212 2342 277 2388 una
294 2341 398 2412 paene
421 2340 509 2393 voce
523 2316 636 2413 repelli
654 2338 823 2388 oratorem
843 2342 861 2388 a
875 2317 1103 2416 gubernacuhs

138 2425 336 2517 civitatum,
361 2426 492 2499 excludi
507 2428 548 2501 ab
561 2427 655 2527 omni
677 2428 828 2499 dodrina
829 2453 1017 2526 rerumque
1031 2458 1103 2503 ma-

137 2536 249 2607 iorum
259 2481 406 2660 sciehria,
422 2562 460 2608 ac
480 2557 608 2610 rantum
621 2538 657 2609 in
671 2536 791 2609 iudicia
807 2557 840 2609 et
852 2537 1103 2656 conciunculas,

138 2665 295 2742 tanquam
309 2646 344 2716 in
357 2647 492 2743 ahquod
507 2649 704 2743 pistrinum,
731 2648 861 2721 detrudi
880 2666 914 2720 et
927 2650 1102 2750 compingi
1125 2633 1130 2640 ¹

68 2751 119 2826 '47
132 2750 304 2829 'videbam
354 2757 417 2828 Sed
440 2782 507 2854 ego
530 2783 636 2856 neque
664 2759 725 2831 illis
749 2734 966 2852 assentiebar,
991 2774 1101 2861 neque

137 2869 256 2940 harum
292 2866 550 2965 disputationum
578 2870 749 2944 inventori
768 2890 816 2947 'et
835 2875 977 2972 principi
999 2879 1128 2975 longe„

136 2978 291 3050 omnium
317 2976 519 3051 indicendo
547 2981 737 3077 gravishmo
760 3002 793 3055 et
812 2984 1100 3086 eloquentissimo,
1137 3026 1140 3033 ·

135 3090 288 3181 Platoni,
313 3088 404 3161 cui'us
418 3107 488 3159 tum
508 3083 654 3162 Athenis
649 3115 733 3164 cum
751 3091 937 3164 Charmada
956 3090 1100 3190 diligen-

136 3189 201 3269 tihs
214 3198 279 3296 legi
292 3200 479 3296 Gorgiam:
507 3223 574 3295 quo
594 3197 629 3269 in
641 3197 778 3270 librom
791 3200 858 3271 hoc
877 3198 1021 3270 maxime
1037 3202 1100 3271 ad-
1121 3214 1123 3219 '

129 3300 282 3381 'mirabar
291 3306 489 3400 Platonem,
515 3309 608 3407 quod
621 3309 726 3381 mihi
717 3309 949 3383 metatoribus
961 3309 1101 3382 irriden·

134 3409 188 3490 dis
200 3417 269 3516 ipse
288 3418 352 3490 esse
367 3440 484 3491 orator
499 3416 646 3490 summus
659 3418 851 3493 videbatur.
892 3417 988 3490 verbi
1008 3419 1099 3491 enim
1143 3416 1145 3423 ’

130 3520 366 3608 controversia
383 3535 449 3606 iam
475 3533 531 3604 diu
552 3553 688 3629 torquet
714 3531 895 3605 Graeculos
918 3530 1099 3621 homines,

75 3658 119 3739 ,48
138 3645 362 3729 contentionis
385 3645 599 3741 cupidiores,
624 3670 724 3742 quam
751 3643 909 3718 veritatis.
927 3652 932 3662 '
951 3713 954 3718 ,
970 3640 1100 3712 Namst

29 3768 39 3835 ss
138 3757 212 3855 quis
224 3756 312 3828 hunc
330 3754 440 3829 statuit
456 3753 521 3827 esse
533 3776 536 3782 ·
548 3776 717 3828 oratorem
730 3757 749 3846 ,¹
772 3755 831 3853 qui
859 3751 1098 3826 tantummodo
1119 3822 1127 3839 ,

878 4084 1040 4133 ..-
