2302 4304
131 229 215 392 'w'
379 276 884 369 DEORATORE

153 451 252 548 plicet
265 433 440 538 adhibere,
463 443 691 534 s1consueris,
718 443 818 516 etiam
846 439 937 513 istam
955 439 1110 512 locorum

145 560 463 656 -fimulacrorumque
483 557 673 646 rationem,
707 579 791 651 quae
812 553 848 624 in
874 574 942 624 arte
961 551 1112 623 traditur,
1143 615 1145 619 .

60 686 62 690 ’
152 667 328 740 Educenda
347 666 464 748 deinde
484 662 585 736 didio
602 660 649 734 est
671 658 714 733 ex'
735 663 797 732 hac
820 659 999 732 domestica
1014 686 1110 731 exer-

151 777 308 852 citatione
326 795 360 848 et
373 772 565 862 umbratili,
587 772 733 845 medium
756 771 792 843 in
813 796 950 869 agmen,
978 771 1012 843 in
1036 772 1110 868 pul·

150 916 289 981 verem,
316 890 351 962 in
382 887 584 975 clamorem,
610 885 646 957 in
680 883 800 975 castra,
826 906 924 983 atque
946 885 981 956 in
1002 886 1108 958 aciem

149 1000 327 1075 sorensem.
351 996 533 1071 subeundus
559 996 634 1069 usus
655 998 833 1086 omnium,
862 1019 903 1069 et'
917 997 1108 1093 periclitan-

149 1109 211 1181 dae
232 1109 322 1184 vires
340 1105 489 1204 ingenii3
529 1126 564 1176 et
589 1105 642 1176 illa
664 1106 904 1178 commentatio
933 1106 1055 1178 inclusa
1074 1107 1108 1183 in

89 1235 136 1302 ¹5⁸
151 1219 298 1296 veritatis
310 1218 416 1290 lucem
430 1213 631 1312 proferenda
649 1214 703 1288 est.
752 1216 897 1313 Legendi
911 1216 1009 1287 etiam
1023 1242 1108 1313 poe·

134 1344 225 1415 tae,
250 1322 483 1422 cognoscenda
508 1321 668 1412 historia,
695 1323 846 1396 omnium
874 1323 1037 1396 bonarum
1056 1352 1108 1398 ar-

148 1435 233 1507 tium
254 1434 431 1533 scriptores
453 1459 491 1506 ac
514 1433 671 1507 dodores.
691 1453 724 1506 et
740 1434 896 1532 legendi,
933 1453 966 1508 et
983 1426 1109 1533 pervo-

83 1612 84 1615 ,
148 1543 296 1634 lutandi,
316 1563 350 1616 et
368 1542 613 1617 exercitationis
626 1543 720 1617 causa
745 1546 919 1633 laudandi,
943 1547 1107 1645 interpre-

147 1655 266 1744 tandi,
291 1650 506 1750 corrigendi,
524 1650 756 1776 vituperandi,
775 1652 970 1740 refellendi;
993 1655 1107 1754 dispu-

146 1767 348 1894 tandumque
362 1765 403 1837 de
421 1762 514 1836 omni
528 1789 565 1849 re
578 1763 614 1834 in
625 1763 807 1836 contrarias
819 1785 953 1860 partes,
969 1787 1003 1838 et
1015 1768 1109 1864 quid·

43 1965 46 1973 Ι
92 1877 228 1976 quid
241 1879 303 1951 erit
318 1902 496 1975 mquaque
508 1901 571 1966 re,
598 1862 691 1975 quod
715 1876 886 1974 probabile
911 1875 1021 1950 videri
1012 1879 1109 1976 pos-

85 2005 132 2060 159
147 1986 211 2079 sit,
225 1989 419 2063 eliciendum
439 2010 537 2087 atque
556 1989 743 2062 dicendum
791 1961 1067 2060 Perdiscendum
1058 2014 1107 2062 ius

51 2100 67 2196 Ἰ
146 2095 273 2186 civile,
296 2093 545 2193 cognoscendae
567 2097 676 2194 leges,
703 2097 913 2195 percipienda
926 2100 1035 2171 omnis
1049 2127 1108 2172 an·

142 2199 298 2302 niquitas,
328 2203 489 2292 senatoria
512 2203 742 2297 consuetudo,
769 2206 936 2303 disciplina
948 2208 1108 2306 reipubli-

24 2304 41 2369 ’ἕ
144 2336 230 2402 cae,
256 2311 327 2393 ¹iura
358 2309 557 2400 sociorum,
580 2309 744 2403 foedera,
779 2314 967 2436 passiones,
1012 2315 1108 2394 causa

139 2421 276 2520 imperii
267 2421 524 2522 cognoscenda
547 2420 615 2495 est:
647 2423 795 2496 libandus
819 2422 917 2495 etiam
944 2449 987 2495 ex
1012 2427 1107 2498 omni

144 2557 266 2629 genere
283 2531 475 2604 urbanitatis
492 2530 685 2605 facetiarum
704 2531 837 2656 quidam
864 2533 979 2656 lepos:
1010 2560 1107 2632 quo,
1137 2606 1139 2612 .

136 2661 301 2737 tanquam
319 2638 385 2710 sale
396 2692 409 2725 ‚
442 2638 670 2735 perspergatur
691 2641 801 2714 omnis
825 2642 946 2715 oratio.
1011 2644 1106 2717 Effu-

143 2746 180 2821 di
206 2748 305 2822 vobis
331 2747 473 2836 omnia,
497 2772 582 2843 quae
607 2747 805 2839 sentiebam,
860 2775 919 2824 uae
947 2748 1105 2844 sortasse,

112 2868 374 2943 ‘quemcunque
415 2841 680 2939 patremfamilias
715 2776 925 2947 arripuissetis
964 2873 1006 2920 ex
1046 2850 1105 2921 ali·

137 2958 214 3053 quo
239 2955 392 3044 circuo,
414 2955 532 3027 eadem
552 2954 658 3027 vobis
672 2957 942 3051 percontantibus
964 2957 1105 3056 respon·¹

19 3150 23 3159 '
78 3065 282 3263 3ς1111111ε(
309 3186 385 3235 cum
397 3135 529 3236 Crassus
551 3159 700 3249 dixisset,
730 3159 895 3235 silentium
917 3109 964 3235 esb
982 3163 1102 3239 conse-
1114 3214 1119 3221 .

78 3285 265 3349 160cutum
312 3274 376 3351 Sed
389 3298 602 3374 quamquam
607 3269 727 3348 satis
706 3297 771 3358 ns,
794 3272 852 3371 qui
875 3273 1034 3368 aderant,
1059 3281 1101 3351 ad
1130 3314 1132 3323 >

140 3394 196 3485 id,
220 3395 313 3492 quod
326 3413 396 3468 erat
409 3393 641 3501 propositum,
665 3393 788 3467 didum
812 3393 1029 3490 uidebatur„
1045 3416 1100 3471 ta·

141 3531 221 3581 men
234 3503 414 3582 sentiebant
426 3504 563 3579 celerius
577 3504 642 3580 esse
663 3504 792 3596 multo,
820 3529 918 3602 quam
941 3505 1001 3603 ipsi
1027 3510 1102 3582 vel·

138 3617 232 3706 lent,
257 3614 299 3687 ab
320 3638 362 3687 eo
376 3632 578 3716 peroratum.
626 3609 716 3688 Tum¹
728 3617 911 3708 Scaevola,
936 3618 1029 3712 Quid
1041 3620 1101 3711 est,

116 3738 117 3741 ’
140 3724 267 3828 Cotta?
292 3724 423 3827 inquit,
447 3725 527 3829 quid
545 3726 689 3802 tacetis?
714 3729 837 3804 nihilne
846 3729 946 3810 vobis
958 3731 1097 3837 inmen-

64 3838 156 4040 ,1
