2302 4304
286 263 672 367 ὀιιτοι
811 211 813 216 ⁴
918 293 987 365 nt
1080 209 1093 227 ι

28 424 214 500 verborum
238 446 357 524 genere
370 426 557 499 trastandus
570 426 632 513 est,
658 445 713 512 aut
732 425 991 527 sententiatum:
1076 468 1080 475 ·

28 540 223 638 semperque
238 539 273 610 in
291 538 384 623 omni
410 555 503 634 patre
518 537 705 628 orationis,
726 560 762 624 ιιι
776 540 888 634 vitae,
906 548 988 644 quid

28 649 163 739 deceat,
180 646 227 721 est
246 647 545 721 confiderandum=:
565 647 658 744 quod
670 659 712 717 'et
730 644 764 718 in
783 674 844 740 re,
864 653 905 726 de
926 682 993 756 qua

28 764 154 862 agitur,
179 761 323 859 posrtum
336 757 407 847 est,
432 779 464 830 et
478 759 518 832 ,ιιι
540 757 688 854 personis
707 775 741 830 et
761 784 903 854 eorum,
929 769 989 865 qui

28 869 167 960 dicunt,
191 886 372 952 eteorum,
400 865 457 962 qui
470 865 619 937 audiun.
644 867 755 962 Itaque
769 866 857 942 hunc
867 869 991 967 locum,
1007 891 1040 944 72

31 1004 126 1077 onge
153 999 187 1051 et
206 977 270 1050 late
282 995 468 1073 patentem
494 974 683 1071 philosophi
703 976 808 1052 solent
821 982 857 1053 in
872 986 991 1063 officiis
1086 997 1090 1004 ’

28 1094 165 1166 metare
177 1091 222 1182 ,(
235 1113 304 1160 non
318 1112 394 1160 cum
408 1087 450 1158 de
462 1088 552 1160 resto
566 1086 645 1209 ipso
656 1088 849 1185 disputant,
864 1116 941 1178 narn
954 1098 991 1175 id

28 1203 161 1302 pridem
175 1225 281 1273 unum
298 1198 346 1271 est
351 1200 391 1290 ‚)
418 1195 624 1294 grammatici
637 1196 673 1267 ιιι
685 1198 810 1293 poetis,
828 1201 990 1302 eloquen-

28 1334 79 1385 es
96 1310 136 1382 in
161 1309 257 1383 omni
283 1328 317 1380 et
343 1327 461 1405 genere
486 1319 520 1374 et
533 1319 624 1398 parte
647 1302 827 1378 causarum
874 1301 1016 1404 Qtum

28 1419 116 1495 enirn
131 1419 331 1492 indecorum
341 1414 409 1502 est,
437 1413 478 1484 de
497 1411 664 1485 stillicidiis
687 1437 765 1503 cum
784 1415 873 1514 apud
884 1447 988 1499 unum

29 1531 175 1605 'tudicem
197 1526 304 1616 dicas,
327 1518 529 1620 ampliffimis
546 1510 660 1597 verbis
676 1539 710 1596 et
725 1525 807 1601 locis
827 1531 876 1603 uti
896 1558 989 1608 cotn-

29 1642 206 1727 nunibus;
238 1640 280 1711 de
293 1578 463 1710 ’maiestate
478 1635 595 1734 populi
616 1637 760 1710 Rotnani
778 1637 941 1719 summisse
954 1666 988 1722 et

29 1751 200 1826 itbtiliter?
225 1750 290 1823 Hic
311 1773 430 1846 genere
440 1765 527 1820 toto.
552 1748 597 1821 Αι
609 1746 749 1845 persona
762 1746 815 1823 alii
829 1776 986 1850 peceant,
1005 1782 1050 1835 22

29 1884 78 1935 ιιιι
95 1859 169 1952 sua,
182 1879 237 1935 aut
252 1860 426 1950 iudicum„
443 1858 611 1931 autetiam
625 1857 907 1955 adversariorum
923 1894 985 1947 nee
1043 1934 1050 1953 ,

28 1996 55 2044 ·e
68 1970 203 2061 solum,
222 1969 278 2048 sed
289 1966 388 2063 saepe
395 1966 512 2040 verbo.
538 1965 596 2038 etsr
609 1966 680 2040 stne
688 1987 724 2039 re
739 1962 825 2041 nuda
839 1971 893 2045 vis
906 1999 985 2049 ver.

29 2079 55 2150 >i
81 2076 149 2168 est,
173 2096 284 2151 tamen
308 2064 424 2148 erdem
446 2099 498 2148 res
517 2070 612 2172 saepe
635 2097 690 2147 aut
713 2077 901 2173 probatur,
926 2100 985 2156 aut

29 2188 193 2280 eiicitur,
218 2187 283 2261 alio
378 2181 479 2258 ealio
492 2182 575 2257 elata
600 2180 720 2258 verb0.
745 2185 783 2258 In
808 2191 984 2266 omnibus·
964 2218 1036 2274 -ῃ

29 2240 197 2400 prerebrd
219 2299 321 2371 viden
344 2321 402 2368 um
429 2293 496 2384 est,
503 2313 685 2391 quatenus
709 2296 767 2369 etsi
794 2298 883 2369 enim
906 2300 980 2381 suus

29 2408 144 2506 ntique
157 2407 275 2482 modus
301 2402 371 2490 est,
392 2425 502 2477 tamen
528 2404 631 2502 magis
657 2397 855 2477 offendit
824 2403 984 2496 mnrium,
1043 2392 1049 2400 ⁶

29 2543 123 2617 ptam
136 2539 263 2614 pertun.
301 2519 339 2589 In
357 2538 427 2639 qup
450 2513 580 2611 Apelles
600 2514 742 2610 pidores
763 2503 900 2614 qttoque
916 2538 984 2593 'eos

29 2650 162 2701 ›eccate
186 2626 336 2712 dicebat,
362 2624 511 2722 quinon
533 2623 710 2712 sentirent,
738 2625 819 2725 quid
842 2625 984 2701 effetsa

29 2745 78 2816 is.-
98 2745 241 2840 Magnus
255 2740 334 2815 effet
349 2740 443 2814 locus
456 2740 535 2829 hic,
553 2741 669 2830 Brute,
694 2743 788 2838 quod
796 2759 829 2815 te
844 2765 912 2815 non
930 2740 985 2817 fir·

29 2867 98 2950 pt,
123 2868 157 2922 et
179 2871 336 2947 magnum
345 2847 507 2921 volumen
522 2793 613 2927 {siud
626 2846 801 2926 desiderat:
816 2848 872 2923 sed
883 2851 926 2923 ad
934 2850 985 2941 rd

29 2959 117 3086 prod
137 2958 263 3057 agitur,
284 2957 366 3031 illud
389 2958 473 3032 satis.
505 2960 596 3033 Cum
614 2959 683 3035 hoc
696 2955 838 3052 decere,
864 2963 986 3060 (quod
1042 3025 1053 3039 .

30 3094 151 3169 emper
163 3070 383 3168 usurpamus
373 3092 408 3143 tn
422 3071 579 3154 omnibus
605 3071 701 3145 dietis
725 3093 759 3145 et
780 3071 892 3160 saetis,
915 3071 983 3156 mi-

30 3176 120 3252 timis
133 3197 167 3252 et
178 3176 329 3251 maximis
337 3175 368 3275 ,)
384 3202 460 3249 cum
474 3175 563 3268 hoe,
584 3177 739 3274 inquam,
761 3176 878 3249 decere
891 3176 983 3251 dica-

30 3315 116 3380 nus,
133 3289 213 3363 illud
226 3314 296 3362 non
310 3289 446 3378 decere,
460 3309 494 3360 et
507 3282 543 3359 id
554 3286 808 3383 usquequaque
820 3307 981 3384 quantum

30 3401 80 3490 ιι,
104 3423 283 3496 ιρριιιιις
307 3400 342 3472 in
364 3399 495 3495 alioque
516 3418 684 3493 ponatur,
707 3392 981 3496 aliudtpretotum
1090 3478 1094 3486 ¹

30 3510 76 3600 it,
88 3529 202 3583 mmm
217 3513 331 3597 decere,
345 3533 387 3579 an
403 3530 536 3601 oportere
549 3504 657 3595 dicas3
682 3503 867 3603 (oportere
878 3504 981 3593 enim,
996 3526 1030 3581 ⁷⁴
1065 3534 1070 3565 κ

30 3620 260 3699 ιειιεᾶιοιιιιιι
282 3615 427 3696 declarat
446 3618 575 3705 officii,
598 3635 670 3716 quo
693 3637 726 3692 et
747 3618 873 3712 semper
885 3635 981 3687 uten-
1035 3637 1038 3643 ·

30 3736 100 3808 sum
115 3733 186 3822 est
221 3753 256 3809 et
281 3731 454 3806 omnihus:
469 3729 622 3823 decere,
651 3727 742 3828 quas
764 3743 880 3822 aptum
895 3721 981 3814 esse,

71 3844 169 3916 cicer.
196 3845 289 3940 Opera
316 3844 389 3914 Vol.
418 3839 469 3913 ΙΙ,
500 3929 501 3937 ¹
747 3835 815 3907 Ee
