2302 4304
393 296 615 370 LIBER
662 293 753 369 tlt·
952 314 1017 386 233

13 485 28 528 e
70 461 142 535 liam
151 482 261 561 genus
274 459 394 533 habent
418 456 552 529 sortasse
569 455 694 543 subtile,
718 477 751 527 et
763 474 849 526 certe
874 468 1022 535 acutum3

13 598 29 637 :-
72 574 129 664 sed,
144 594 181 648 ut
193 577 228 647 in
238 599 384 658 oratore,
394 573 490 662 exile,
499 570 697 656 irrulitanrm,
711 568 889 640 abhorrens
904 564 946 635 ab
960 589 1021 635 au·

14 687 30 753 '³
72 691 153 765 ribus
161 675 267 789 ινιιὶςὶ,
276 689 464 778 obscurum,
474 689 583 775 inane,
592 685 751 772 ieiunum,
769 709 808 755 ac
821 682 1023 755 totumeius·

14 823 28 865 ἐ
75 802 188 890 modi,
216 824 285 897 quo
303 799 351 871 uti
368 799 409 871 ad
424 797 541 895 vulgus
562 796 655 867 nullo
673 794 778 866 modo
795 791 901 889 possit.
949 789 1023 861 Alia
1052 828 1070 851 a

14 929 23 970 θ
74 912 153 983 enirn
169 931 203 984 et
214 911 330 998 bona,
354 929 388 982 et
406 909 491 981 mala
513 908 668 983 videntur
685 906 827 994 Stoicis,
852 920 886 974 et
907 900 1024 974 ceteris

15 1012 22 1023 ’
73 1020 213 1109 civibus,
227 1020 284 1094 vel
291 1020 401 1117 potius
419 1018 586 1118 gentibus:
614 1016 675 1088 alia
687 1016 739 1090 vis
757 1014 912 1101 honoris,
927 1013 1024 1108 igno-

15 1150 17 1155 ·
73 1126 208 1217 niniae,
233 1126 393 1224 praemii,
424 1124 594 1222 supplicii:
617 1148 720 1211 vere,
745 1120 915 1208 an-secus,
941 1114 1024 1189 nihil
1062 1119 1072 1167 t

72 1235 186 1307 adhoc
198 1252 343 1334 tempus:
368 1235 423 1308 sed
436 1261 473 1307 ea
487 1233 716 1332 lisequamur‚
741 1233 863 1304 nullam
878 1254 1024 1327 unquam

72 1365 139 1414 rern
150 1420 153 1427 ,
165 1344 306 1416 dicendo
320 1343 475 1440 expedire
489 1344 655 1440 possimus.
669 1350 673 1361 '
704 1341 836 1439 Reliqui
848 1339 920 1413 sunt
934 1338 1025 1411 Peri·
1041 1348 1073 1412 ⁶7

70 1452 200 1546 patetici
231 1471 265 1526 et
281 1454 496 1529 Academici:
524 1477 723 1550 quamquam
746 1451 1023 1524 Academicorum
1066 1472 1072 1515 ·.

71 1583 189 1631 nornen
217 1557 264 1641 est
277 1584 410 1648 unum,
436 1557 609 1632 sententiae
624 1559 716 1632 duae.
739 1583 814 1630 nam
830 1555 1026 1654 Speusippus

70 1669 210 1745 Platonis
222 1669 346 1743 sororis
357 1668 465 1757 lilius,
482 1685 515 1741 et
534 1670 764 1758 Xenocrates,
784 1669 842 1766 qui
855 1668 1025 1747 Platonem

67 1779 230 1866 audierat,
257 1802 291 1853 et
314 1781 373 1877 qui
387 1781 640 1866 Xenocratem,
666 1779 831 1866 Polemo,
861 1800 895 1850 et
921 1779 1025 1848 Cran-

17 1936 20 1945 -
65 1903 140 1977 tor,
183 1886 266 1958 nihil
292 1888 333 1967 ab
357 1887 556 1976 Aristotele,
586 1888 642 1986 qui
663 1914 728 1961 una
750 1890 895 1962 audierat
916 1890 1024 1963 Plato-

66 2024 166 2088 nem,
209 2023 411 2097 magnopere
445 1998 611 2073 dissensit}
662 2001 760 2099 copia
790 2002 924 2076 forcalle
938 2046 968 2095 ,·
992 2023 1026 2077 et

64 2110 371 2183 varietatedicendi
391 2135 485 2206 pares
504 2137 574 2183 non
595 2112 737 2186 suerunt.
782 2117 940 2189 Arcesilas
953 2117 1025 2213 pri·
1102 2182 1107 2189 .

63 2247 182 2309 mum,
207 2221 267 2318 qtri
290 2221 505 2312 Polemonem
533 2223 712 2310 audierat,
745 2247 788 2294 ex
816 2224 917 2298 variis
954 2227 1025 2296 Pla-

62 2335 151 2407 tonis
182 2333 311 2422 libris,
350 2334 616 2430 sermonibusque
645 2332 824 2405 Socraticis
855 2334 922 2405 hoc
949 2361 1024 2406 ma-

63 2442 152 2513 rinae
182 2442 353 2538 arripuit,
380 2442 461 2515 nihil
502 2441 566 2513 esse
599 2441 712 2526 certi,
740 2440 832 2537 quod
859 2459 915 2512 aut
932 2442 1026 2515 senfi-

64 2555 124 2628 bus
137 2608 149 2643 ,
163 2578 221 2627 aut
233 2556 345 2628 animo
368 2556 496 2652 percipi
512 2555 633 2652 possit:
658 2580 758 2653 quern
780 2554 889 2631 serunt
899 2557 1025 2634 eximio

63 2667 211 2763 qrtodam
227 2667 320 2740 usum
333 2669 447 2766 lepore
466 2667 597 2740 dicendi
611 2722 624 2756 ,
654 2669 858 2767 aspernatum
872 2670 936 2744 esse
949 2699 1024 2748 orn-

61 2804 104 2849 -ne
124 2779 228 2851 animi
241 2779 412 2878 sensusque
423 2779 605 2867 iudicium,
624 2779 833 2880 primumque
842 2779 1025 2877 instituisse,
1073 2816 1077 2825 ·

65 2890 288 2993 (quamquam
315 2895 350 2968 id
382 2894 444 2966 suit
470 2895 673 2967 Socraticum
697 2891 894 2994 maxime,)
929 2922 1023 2987 non,

63 3003 142 3098 quid
169 3004 237 3099 ipse
260 3004 411 3093 sentiret,
434 3005 623 3092 ostendere;
649 3005 705 3078 sed
718 3023 834 3078 contra
857 3006 910 3093 id,
930 3010 1023 3104 quod
1066 3034 1071 3041 ’

64 3113 200 3210 quisque
227 3115 259 3188 se
285 3115 401 3187 sentire
422 3115 574 3206 dixisset,
609 3115 781 3211 disputare.
831 3114 919 3185 Hinc
941 3116 1022 3192 haec
1041 3129 1073 3180 ⁶8

63 3222 230 3293 recentior
248 3225 425 3295 Academia
450 3224 638 3311 emanavit,
668 3224 788 3319 inqua
807 3219 930 3294 exstitit
939 3224 1024 3298 divi-

65 3354 104 3398 na
126 3333 271 3426 qtradam
286 3333 450 3404 celeritate
477 3333 599 3431 ingenii
614 3333 811 3430 dicendique
833 3334 1022 3430 copiaCar-

65 3440 209 3511 rte-ades:
250 3440 342 3511 cuius
365 3465 429 3537 ego
458 3441 515 3515 etsi
538 3441 663 3513 multos
686 3441 851 3515 auditores
874 3445 1023 3540 cognovi
1085 3459 1086 3462 ’

64 3552 223 3641 Athenis,
242 3549 514 3628 tarnen·arrclores
533 3553 725 3626 certissimos
738 3554 868 3628 laudare
881 3555 1022 3652 polium,

65 3682 96 3733 et
114 3663 270 3734 socerum
286 3690 399 3736 meum
418 3666 628 3754 Scaevolam,
654 3666 712 3762 qui
732 3690 808 3736 eum
825 3668 953 3737 Rornae
966 3689 1022 3736 au·
1082 3730 1086 3735 .

67 3771 150 3844 civit
172 3774 386 3864 adolescens,
412 3792 445 3853 et
459 3778 504 3867 Q.
528 3774 700 3847 Metellum
723 3777 759 3845 L.
773 3776 806 3844 F.
832 3768 1023 3842 familiarem
