2302 4304
84 256 192 406 ‘⁷420
429 308 766 383 oniron..

121 472 168 546 se
174 434 290 569 putant
311 467 376 543 esse
393 450 619 569 Thucydidas.
667 452 791 546 Ninus
804 470 875 544 sum
888 471 999 546 etiam
998 459 1082 574 ‚qui

115 574 358 678 Xenophontis
385 577 522 651 ssmilem
543 577 608 650 effe
625 578 659 650 se
679 598 846 675 cuperet..
841 579 956 652 cidus
972 582 1078 657 sermo

114 688 169 761 est
186 688 240 760 ille
262 689 398 784 quidem
419 687 516 759 melle
533 686 684 779 dulcior,
706 686 799 760 seda
817 674 945 762 soienfi
964 689 1077 827 strepi·

118 793 421 868 turemotiffimus.
690 856 692 861 ,

74 926 105 979 ts
172 901 365 975 Referemus
382 921 444 972 nos
470 897 574 995 igitur
591 899 632 970 ad
653 922 756 988 eum,
780 924 883 998 quem
905 901 1074 994 volumno,

123 1008 366 1098 inchoandcun,
396 1029 430 1082 et
451 1004 566 1081 eadem
599 1007 786 1104 eloquentia
808 1008 1074 1105 informandum,

50 1133 107 1192 'to
124 1144 223 1215 quam
245 1119 280 1190 in
296 1119 387 1190 nullo
410 1117 574 1216 cognovit
595 1115 770 1221 Antonius.
809 1119 975 1216 Magnum
993 1146 1073 1219 opus

123 1226 263 1297 omnino
277 1244 311 1297 et
327 1226 483 1311 arduum,
502 1225 617 1311 Brute,
640 1247 817 1325 conamurz·
841 1225 898 1300 sed
920 1229 1000 1301 nihil
1013 1228 1072 1302 dif-

123 1328 209 1403 ficile
228 1331 350 1419 amanti
373 1352 466 1426 puto.
515 1333 605 1402 Amo
624 1348 750 1428 autem,
769 1353 802 1403 et
820 1332 952 1431 semper
968 1338 1071 1414 aman

121 1439 311 1536 ingenium,
343 1439 469 1526 studia,
501 1463 611 1511 mores
635 1461 722 1513 tuos.
782 1440 951 1518 Incendor
971 1473 1070 1544 porro

91 1620 94 1623 .
120 1549 272 1646 quotidie
290 1549 416 1646 magis,
442 1572 512 1619 non
528 1547 689 1621 defiderio
711 1548 817 1622 solum
839 1551 935 1652 (quo
943 1559 1069 1654 quidem

120 1655 302 1754 conficior)
329 1657 521 1756 congrellus
538 1656 988 1758 nostros,·consuen1dinem
1002 1668 1068 1741 vic·

120 1785 193 1858 tus,
218 1769 420 1842 douiffimos
440 1768 607 1842 sermones
628 1770 795 1866 requirens
813 1789 912 1864 tuos,
937 1767 992 1848 sed
1010 1776 1066 1848 eti·

120 1900 174 1948 am
197 1876 437 1950 incredibilium
465 1874 647 1950 admirabili
658 1873 752 1949 'sama
775 1878 965 1972 virtutum,
990 1907 1066 1982 quae

73 2004 105 2055 34
120 1984 226 2082 specie
234 1985 396 2083 dispares,
410 1988 582 2084 prudentia
596 1986 852 2086 coniunguntur.
870 1992 967 2085 Quid
983 1992 1063 2066 enim
1084 2059 1086 2067 .

120 2104 189 2173 tam
208 2098 345 2188 distans,
374 2124 473 2196 quam
491 2124 510 2170 a
527 2098 696 2172 severitate
716 2100 874 2185 comitas'l
913 2108 1000 2199 Quis
1018 2131 1063 2180 ra-

120 2242 197 2288 men
217 2239 360 2312 unquam
380 2230 411 2284 te
430 2237 485 2285 aut
506 2204 647 2285 san'dlior
672 2210 719 2284 est
742 2212 895 2306 habitin,
923 2236 979 2291 aut
996 2220 1061 2291 dul·

120 2323 193 2394 cior
207 2321 227 2401 l,
267 2320 360 2415 Quid
383 2337 451 2390 tam
483 2320 630 2409 difficile,
656 2346 754 2418 quam
785 2322 820 2394 in
848 2325 1060 2420 plurimorum

54 2459 58 2467 ·
119 2432 353 2506 controversiis
377 2430 593 2504 diiudicandis
608 2432 649 2504 ab
669 2434 823 2506 omnibus
844 2435 960 2534 diligit
987 2463 1059 2511 con·

118 2543 259 2639 sequeris
280 2563 405 2630 tamen,
432 2563 468 2613 ut
485 2565 543 2614 eos
559 2540 668 2637 ipsos,
690 2567 774 2640 quos
794 2530 915 2619 contra
934 2547 1058 2636 stanin,

117 2680 240 2749 aequos
255 2653 465 2749 placatosque
480 2653 633 2726 dimittas.
655 2645 766 2751 itaqire
782 2655 909 2746 efficis,
923 2677 977 2750 ut,
990 2684 1056 2731 cum

51 2816 53 2819 -
116 2762 237 2860 gratiae
260 2754 352 2834 causa
370 2761 450 2833 nihil
467 2761 586 2854 facias,
615 2762 727 2848 omnia
746 2779 857 2835 tamen
878 2765 943 2838 fint
964 2789 1054 2866 grata,

115 2893 198 2969 quae
214 2867 302 2941 facis.
350 2873 439 2966 Ergo
456 2870 609 2942 omnibus
624 2870 735 2963 terris,
762 2896 828 2972 una
847 2873 956 2946 Gallia
969 2901 1053 2948 com·

61 3059 64 3066 ,
114 2977 207 3052 mimi
230 3000 299 3047 non
321 2976 411 3048 ardet
437 2977 614 3048 incendio:
638 2976 673 3049 in
698 3003 762 3076 qua
779 2976 899 3055 frueris
914 2981 989 3080 ⁴ipse
1005 3001 1051 3070 te,

113 3119 191 3167 cum
210 3092 246 3181 in
256 3090 362 3164 ltaliae
374 3089 447 3162 luce
460 3085 691 3186 cognosceris,
708 3087 911 3187 versarisque
927 3088 1051 3188 inopti-

52 3220 75 3256 -·
113 3208 246 3274 morum
265 3201 389 3276 civium
411 3199 473 3275 vel
489 3196 591 3287 flore,
613 3195 668 3272 vel
689 3197 824 3270 robore.
861 3201 934 3273 lam
955 3226 1049 3300 quan·

22 3329 24 3333 ’
111 3328 190 3384 tum
209 3311 290 3382 illud
319 3311 385 3402 est,
417 3310 509 3409 quod
538 3309 574 3381 in
601 3307 754 3380 maximis
786 3311 1048 3405 occupationibus

110 3441 279 3516 nunquam
296 3418 483 3491 intermittis
504 3415 608 3502 studia
626 3415 819 3488 dodrinael
852 3414 980 3517 semper
1001 3437 1047 3491 aut

44 3544 65 3565 ·’
97 3521 177 3620 ipse
198 3518 309 3594 scribis
323 3522 463 3619 aliquid,
484 3544 540 3594 aur
556 3545 615 3593 me
628 3544 733 3592 vocas
756 3521 798 3592 ad
819 3521 1046 3598 scribendum?

60 3637 220 3730 stltaque
236 3631 306 3703 hoc
327 3630 397 3701 sum
419 3631 624 3735 aggreffus
604 3630 710 3703 statim
737 3635 854 3704 Catone
886 3635 1044 3708 absoluto.

42 3767 205 3840 quem
221 3743 342 3889 ipsum
349 3766 516 3858 nunquam
542 3741 731 3846 attigissem,
765 3758 918 3842 tempora
940 3747 1043 3822 timent
