2302 4304
370 315 803 390 LIBERII..·
952 343 1027 421 {¹39

76 495 168 569 tatem
193 475 300 566 tuam,
325 478 597 552 subausctdtando
608 497 720 550 tamen
747 477 897 576 excipere
919 470 1033 554 vocee'

74 616 204 681 eorum,
223 614 256 664 et
278 591 422 688 procul,
450 591 531 690 quid
544 608 735 677 narrarent,
749 592 936 663 attendere.
959 592 1024 668 ita·

70 727 130 798 que
153 700 244 789 feci,
269 703 411 792 Catule,
443 720 476 773 et
497 701 636 774 istomm
658 701 810 772 omnium
836 698 1023 775 summatim

69 808 174 881 causas
201 833 235 883 et
253 835 374 909 genera
390 808 459 907 ipsa
482 809 617 908 gustavi,
665 809 768 880 Valde
793 809 946 900 hercule,
969 812 1024 883 in·
1045 819 1090 892 37

70 920 140 1017 quit
167 919 327 1009 Catulus,
356 918 488 1003 timide,
513 935 669 1014 tanquam
693 916 734 988 ad
756 917 899 1013 aliquem
920 919 1026 991 libidi-
1045 920 1097 988 154'

66 1028 113 1100 nis
139 1025 402 1122 scoptdum,s1c
426 1050 516 1097 tuam
545 1043 689 1095 mentem
716 1023 757 1095 ad
780 1024 1025 1122 philosophiam

13 1164 15 1169 ·
66 1137 216 1234 apprdisti
231 1165 240 1209 :
265 1163 366 1236 quam
384 1137 464 1208 haec
478 1135 594 1209 civitas
607 1133 773 1230 aspernata
785 1161 954 1234 nunquam
967 1137 1024 1210 est.

66 1253 158 1322 Nam
184 1250 345 1322 etrescrta
354 1251 525 1349 quondam
537 1247 628 1321 Italia
640 1247 924 1346 Pythagoreorum
940 1248 1024 1339 fuit,

22 1372 25 1381 “
64 1378 170 1461 tum,
192 1388 266 1435 cum
292 1384 362 1435 etat
392 1363 427 1434 in
448 1362 509 1434 hac
532 1379 628 1460 gente
650 1387 765 1459 magna
784 1361 836 1433 illa
860 1365 1023 1439 Graeciae

64 1494 109 1541 ex
130 1493 204 1568 quo
226 1469 321 1542 etiam
344 1470 479 1568 quidam
493 1470 637 1540 Numam
658 1468 881 1564 Pompilium,
909 1496 1023 1570 regem

64 1580 239 1672 nostrum,
276 1581 371 1654 fuiffe
396 1581 642 1681 Pythagoreum
675 1579 811 1666 ferunt;
849 1583 906 1680 qui
930 1584 1023 1659 annis

60 1691 236 1787 permcdtis
256 1715 330 1763 ante
343 1690 430 1781 sitit,
454 1716 553 1788 quam
571 1691 637 1787 ipse
652 1690 871 1788 Pythagoras:
897 1719 965 1789 quo
987 1720 1023 1766 e-

63 1801 145 1873 riam
166 1801 341 1877 maiorvir
365 1802 533 1874 habendus
549 1800 619 1887 est,
645 1825 720 1872 cum
736 1802 824 1872 illam
834 1801 1022 1898 sapientiam

61 1910 315 1991 constituendae
339 1914 480 1988 civitatis
504 1913 632 1984 duobus
659 1937 783 2015 prope
797 1913 908 1988 secidis
948 1934 1022 1989 ante
1081 1926 1111 1977 '·

62 2022 252 2120 cognovit,
277 2048 376 2121 quam
398 2046 471 2097 eam
495 2022 617 2095 Graeci
640 2039 749 2093 natam
767 2022 833 2094 else
849 2023 1023 2103 senserunt
1115 2014 1124 2033 ⁸

63 2155 101 2204 et,
118 2153 212 2206 certe
234 2158 303 2206 non
329 2136 403 2208 tulit
424 2134 601 2208 ulloshaec
619 2134 735 2208 civitas
761 2153 816 2238 aut
830 2135 933 2232 gloria
955 2139 1023 2209 cla·
1106 2175 1110 2181 ·

62 2246 197 2337 riores,
225 2247 281 2319 aut
306 2249 497 2321 aulloritate
524 2249 716 2348 graviores,
745 2267 801 2319 aut
823 2244 1024 2319 humanitate

62 2355 317 2451 politiores,P
328 2359 519 2448 Africano,
544 2358 733 2443 CLaelio,
759 2361 796 2428 L
820 2359 943 2448 Furio,
967 2359 1025 2455 qui

58 2467 176 2540 secum
215 2470 446 2546 eruditiffimos
482 2470 634 2542 homines
669 2494 711 2540 ex
747 2469 887 2542 Graecia
917 2472 1024 2567 palam

63 2576 194 2674 semper
216 2578 408 2655 habuerunt
457 2582 567 2678 Atque
582 2604 647 2676 ego
672 2603 715 2650 ex
736 2578 802 2652 istis
815 2579 908 2676 saepe
931 2582 1087 2656 audi-155

63 2683 125 2772 vi,
147 2707 227 2754 cum
246 2683 416 2773 dicerent,
440 2706 634 2782 pergratum
653 2682 873 2758 Athenienses
904 2706 937 2759 et
965 2688 1024 2760 sihi

63 2789 205 2882 fecitte,
228 2792 384 2866 etmultis
396 2790 601 2892 principibus
624 2791 785 2920 civitatis,
805 2795 922 2921 quod,
945 2823 1023 2872 cum

63 2902 108 2973 ad
129 2844 279 3005 senatum
295 2901 419 3001 legatos
439 2905 479 2975 de
492 2903 555 2974 suis
570 2901 721 2975 maximis
735 2905 831 2978 reb'us
845 2907 1023 3001 mitterent,
1062 2924 1065 2929 '
1107 2995 1110 3002 ,

62 3029 131 3085 tres
153 3012 239 3088 illius
266 3013 377 3087 aetatis
389 3013 605 3087 nobilillimos
621 3013 838 3111 philosophos
856 3015 1024 3110 mifillent,
1062 3028 1082 3072 ·'

61 3121 295 3214 Carneadem,
322 3141 356 3195 et
373 3122 584 3216 Critolaum,
609 3141 642 3196 et
655 3123 860 3222 Diogenem.
909 3131 1023 3226 Itaque

60 3242 144 3319 eos,
163 3230 245 3303 dum
264 3229 393 3305 Romae
406 3230 533 3320 effent,
558 3229 630 3303 eta
652 3231 704 3319 se,
730 3249 764 3303 et
791 3233 833 3303 ab
862 3233 930 3308 aliis
951 3236 1022 3310 fre-

59 3353 203 3433 quenter
215 3335 370 3411 auditos:
392 3330 479 3437 quos
491 3356 529 3410 tu
544 3360 621 3410 cum
634 3336 771 3410 haberes
781 3341 939 3433 auctores,
951 3346 1022 3416 An.

60 3446 163 3538 toni,-
184 3445 316 3534 miror,
341 3471 401 3520 cur
430 3447 687 3547 philosophiae,
723 3448 806 3522 ficut
822 3446 943 3529 Zethus
968 3457 1021 3528 ille

61 3555 291 3645 Pacuvianus,
315 3581 424 3654 prope
436 3556 558 3630 bellum
574 3556 742 3651 indixeris,
790 3562 947 3651 Minime,
969 3563 1089 3643 in-15r

60 3662 137 3760 quit
149 3663 339 3742 Antoniis:
363 3693 402 3742 ac
429 3667 474 3742 fic
495 3669 635 3743 ‘decrevi
650 3668 877 3767 philosophari
891 3670 1028 3766 potius,

58 3792 104 3857 ut
114 3775 355 3883 Neoptolmtus
367 3781 455 3879 apud
473 3781 617 3857 Ennium
627 3787 766 3877 paucis:
792 3787 880 3854 Nam
892 3786 1022 3854 omnino
