2302 4304
395 293 720 380 ORATOR
961 318 1033 388 mu

63 452 260 549 debilitati,
289 455 434 555 experiri
459 456 586 547 nolint,
622 455 715 553 quod
740 451 772 527 se
798 453 918 553 assequi
938 456 1033 554 posse
1070 539 1079 556 st

52 574 237 649 diffidam.
261 573 324 645 Sed
343 589 404 669 par
427 570 496 660 esi,
518 595 634 642 omnes
655 567 768 642 omnia
789 567 949 663 experiri,
975 567 1066 666 quiq

63 698 125 756 'res
152 707 288 783 magnas
313 704 346 754 et
367 707 489 781 magno
515 705 617 778 opere
648 679 847 776 expetendas
873 678 1032 775 concupi·

64 786 1033 892 mthmfimmmummffl,wffla

64 904 265 1002 praestantis
282 904 405 1004 ingenii
427 905 479 976 vis
497 902 584 999 forte
606 900 757 990 desiciet,
783 900 966 974 autminus
986 899 1033 973 in·

67 1015 213 1088 strudius
235 1017 297 1090 etit
319 1040 512 1116 magnarum
544 1017 663 1088 artium
696 1001 895 1113 disciplinis:
923 1031 1033 1090 teneat

68 1143 185 1200 tamen
204 1154 282 1202 eum
313 1128 463 1219 cursum,
499 1153 600 1226 quem
626 1128 759 1224 poterit.
806 1125 916 1198 Prima
942 1125 1034 1202 enim

69 1235 284 1334 sequentem,
303 1236 476 1310 honestum
489 1236 552 1328 est,
564 1237 600 1308 in
613 1235 760 1310 secundis
772 1234 939 1334 tertiisque
953 1261 1033 1310 con·

70 1343 1033 1444 fimfflmemfflmffiw

71 1457 1087 1558 ffi(mm&mbfflw)mhmhm,m.

70 1563 247 1659 Sophocli,
287 1589 343 1639 aut
368 1566 527 1652 Pindar03
562 1566 615 1639 sed
637 1565 758 1640 horum
778 1566 834 1640 vel
860 1568 1033 1660 secundis,

70 1675 127 1748 vel
149 1676 248 1748 etiarn
268 1675 353 1748 infra
385 1676 554 1749 secundos.
605 1677 678 1749 Nec
710 1701 794 1748 vero
821 1674 1060 1756 tlrislorelemr

68 1785 104 1858 in
121 1779 329 1884 philosophia
342 1787 499 1860 derernrit
521 1785 732 1860 ascribendo
755 1785 936 1883 amplitudo
958 1786 1030 1859 Pla·
1062 1781 1068 1804 '

63 1893 182 1995 „tonis3
208 1920 268 1968 nec
282 1894 350 1993 ipse
364 1895 552 1973 Aristoteles
574 1893 757 1967 admirabili
771 1894 913 1993 quadam
930 1892 1032 1983 scien·

69 2005 117 2078 tia
141 2022 175 2079 et
199 2003 296 2103 copia
320 2025 506 2103 ceterorum
532 2005 821 2081 studia.restinxit.
869 2007 943 2081 Nec
974 2007 1067 2082 so-2

67 2109 139 2188 lum
162 2118 203 2192 ab
217 2120 351 2217 optimis
365 2107 484 2194 wsludiis
504 2120 696 2194 excellentes
713 2120 779 2191 viri
799 2116 947 2193 deterriti
958 2146 1029 2194 non
1072 2153 1076 2161 ·
1124 2140 1127 2157 ’

66 2224 163 2317 sunt,
197 2226 253 2300 sed
278 2252 320 2324 ne
333 2229 472 2326 opisices
490 2230 624 2327 quidem
643 2228 675 2300 se
698 2229 739 2301 ab
759 2229 961 2302 artibus-suis
974 2256 1029 2303 re-

70 2357 276 2426 moverunt,
301 2341 359 2438 qui
384 2360 440 2413 aut
467 2339 578 2438 lalysr‚
603 2362 702 2434 quem
724 2337 838 2409 Rhodi
865 2334 1053 2427 vidimus,'
1125 2421 1127 2423 .

66 2451 141 2520 non
160 2469 359 2546 potuerunt,
384 2470 440 2522 aut
466 2451 558 2521 Coae
584 2444 722 2517 Veneris
748 2445 1028 2542 prdchritudinem

65 2556 200 2632 imitari.
248 2573 310 2634 nec
341 2559 513 2632 fimulacro
538 2555 628 2643 Iovis
654 2556 832 2655 Olympii,
864 2574 920 2630 aut
948 2559 1028 2632 Do·
1120 2609 1123 2618 ,

65 2665 211 2763 ryphori
232 2666 336 2748 statua
352 2666 519 2758 deterriti,
542 2667 660 2766 reliqui
677 2668 786 2743 minus
800 2672 929 2768 experti
941 2672 1035 2762 suntg

66 2777 152 2875 quid
174 2778 324 2873 efficere,
349 2797 405 2852 aut
429 2803 497 2877 quo
523 2779 681 2878 progredi
711 2782 857 2878 possent:
882 2808 1026 2881 quorum

39 2895 40 2900 ’
65 2901 157 2956 tanta
181 2887 358 2962 multitudo
377 2888 460 2976 suit,
484 2911 573 2964 tanta
594 2893 629 2964 in
648 2893 707 2966 suo
726 2893 883 2994 cuiusque
905 2919 1027 2993 genere

64 2990 157 3081 laus,
182 3012 234 3080 ut,
258 3022 334 3070 curn
353 2999 477 3071 summa
493 3001 710 3093 miraremur,
735 3003 901 3076 inferiora.
914 3027 1025 3078 tamen
1082 3072 1084 3079 a

64 3107 295 3201 probaremus.
328 3113 367 3181 In
380 3114 567 3187 oratoribus
585 3141 691 3206 vero,
716 3115 852 3186 Graecis
876 3115 1056 3211 quidemr

66 3218 261 3292 admirabile
289 3220 353 3312 esi,
378 3241 534 3319 quantum
560 3226 647 3299 inter
674 3248 790 3297 omnes
809 3250 893 3297 unus
916 3227 1024 3302 excel·

62 3328 117 3402 lat.
167 3336 345 3423 Attamen,
370 3362 447 3410 curn
477 3339 556 3410 esset
581 3337 842 3430 Demosthenes,
866 3341 960 3415 multi
982 3368 1024 3415 o·
1130 3426 1134 3431 ,

62 3457 193 3512 ratores
218 3443 328 3541 magni
353 3462 386 3516 et
412 3442 490 3518 clari
517 3446 681 3534 fuerunt,³
695 3463 727 3517 et
755 3458 849 3574 aptea
863 3445 1023 3542 nerant,
1063 3486 1065 3490 >

61 3573 125 3621 nec
147 3550 259 3644 postea
277 3553 475 3629 defecerunt.
509 3559 622 3649 Quare
636 3580 705 3627 non
718 3555 786 3644 esl,
812 3582 1022 3647 orreorum,
1042 3625 1045 3631 .

59 3658 1093 3769 qfflfflfflmmwmufflfflmufflfflffin-

59 3786 178 3867 gatur,
203 3788 259 3846 aut
280 3773 463 3872 languescat
484 3775 648 3851 iudullria.
698 3781 783 3851 Nam
808 3785 916 3878 neque
941 3765 1040 3883 illud'¹
