2302 4304
135 318 206 388 φ,
459 289 775 371 usurus
935 246 941 253 ’

135 453 521 554 diparumperaeausa,
543 476 666 546 nemo,
680 449 788 552 quiad
800 450 1097 555 iracundiammag·

134 594 262 667 nopere
282 565 455 657 iudicem,
478 588 603 656 nemo,
631 564 691 665 qui
713 562 757 637 ad
774 562 893 639 fletuum
913 565 1024 663 posset
1043 567 1096 643 ad·

134 680 274 751 ducere:
298 701 415 767 nemo,
436 675 496 776 qui
518 675 666 749 animum
691 671 797 772 citu(
810 676 906 774 quod
926 701 1031 751 unum
1053 674 1097 750 est

62 836 70 847 -
134 787 279 860 oratoris
299 785 442 858 maxime
460 785 681 887 proprium),
696 807 899 885 quocunque
921 802 976 860 res
991 782 1097 885 pollur-

61 912 117 991 '94
135 895 237 981 laret,
259 893 436 993 impellere.
486 894 617 996 ltaque,
641 922 719 972 cum
732 896 798 969 iam
810 920 917 995 paene
952 896 1096 973 meums-

68 1028 115 1081 s²s
136 1004 183 1078 set
194 1006 412 1111 Hortensius,
430 1024 463 1080 et
487 1032 552 1106 ego
567 997 656 1102 anno
673 1031 779 1099 meo,
800 1007 895 1084 sexto
908 1025 1021 1085 autem
1031 1006 1099 1110 post
1119 1008 1122 1017 '

135 1118 228 1193 illum
242 1118 437 1210 consulem,
464 1118 581 1195 consul
598 1118 704 1206 sadus
719 1117 846 1210 essem,
882 1144 1048 1196 revocare
1068 1119 1097 1195 se

135 1229 178 1302 ad
198 1226 389 1302 industriam
409 1229 549 1328 coepit,
574 1254 637 1318 ne,
663 1253 741 1303 cum
757 1251 852 1327 pares
870 1227 1005 1303 honore
1027 1227 1098 1302 esse·

133 1338 227 1428 irtus,
254 1337 362 1433 aliqua
384 1361 420 1411 re
442 1337 628 1435 superiores
644 1336 848 1437 videremur.
898 1338 954 1413 Sic
972 1339 1095 1437 duode-

135 1446 203 1529 cim
222 1443 298 1544 post
321 1469 433 1518 meum
447 1446 653 1520 consulatum
672 1470 777 1522 annos
801 1447 837 1520 in
854 1447 1012 1522 maximis
1031 1472 1099 1523 cau·

135 1555 199 1647 su,
224 1568 382 1652 cum'ego
409 1552 632 1649 mihiillum,
655 1553 718 1629 fibi
747 1578 803 1629 me
835 1553 890 1626 ille
905 1554 1101 1641 anteferret,

140 1661 403 1757 coniundliffime
419 1661 540 1738 versati
560 1663 694 1738 sumus:
719 1660 971 1763 consilatusque
994 1689 1101 1754 meus,

137 1774 198 1873 qui
210 1774 301 1847 illum
314 1772 427 1872 primo
444 1772 565 1873 leviter
587 1770 841 1872 perstrinxerat,
868 1773 963 1847 idem
986 1796 1049 1850 nos
1058 1799 1101 1850 re·

140 1911 214 1958 rum
236 1908 386 1959 mearum
398 1883 561 1984 gestarum
577 1939 590 1977 ,
608 1908 688 1985 quas
709 1882 763 1958 ille
778 1883 1026 1978 admirabatur,
1042 1887 1102 1959 lau·

74 2021 124 2085 33⁴
142 1996 184 2069 de
208 1995 434 2070 coniunxerat.
460 1992 605 2067 Maxime
625 2017 712 2069 vero
726 1992 897 2091 perspesla
922 1994 975 2069 est
999 1995 1102 2071 utrius·

141 2132 207 2206 que
220 2105 370 2181 nostrum
387 2105 579 2184 exercitatio
598 2104 699 2202 paulo
717 2123 812 2192 ante,
836 2127 938 2201 quam
953 2107 1120 2202 perterriv

44 2234 46 2239 ’
142 2234 213 2315 tum
240 2215 338 2290 armis
352 2216 419 2289 hoc
436 2213 597 2304 studium,
626 2213 752 2303 Brute,
775 2207 927 2283 nostrum
946 2214 1104 2290 conticuit

142 2328 252 2405 subito
273 2352 307 2403 et
319 2327 487 2403 obmutuit
498 2352 521 2411 3.
537 2350 613 2400 cum
626 2323 699 2422 lege
712 2319 872 2417 Pompeia
891 2324 998 2428 ternis
1022 2325 1105 2401 horis

144 2440 189 2513 ad
213 2440 391 2514 dicendum
415 2437 525 2528 datis,
550 2435 592 2509 ad
609 2434 716 2511 causas
738 2431 913 2506 srmillimas
944 2435 1033 2511 inter
1058 2437 1111 2528 se,

143 2549 199 2623 vel
218 2549 328 2645 potius
340 2546 490 2637 easdem,
516 2538 601 2619 novi
618 2542 831 2619 veniebamus
843 2543 1011 2638 quotidie.
1037 2546 1105 2644 qui·

144 2659 205 2731 bus
217 2658 356 2754 quidem
368 2654 468 2729 causls
490 2678 528 2728 tu
548 2653 669 2746 etiarn,
688 2654 813 2742 Brute,
837 2650 972 2748 praesto
1003 2652 1104 2745 feristi,

143 2766 394 2864 compluresque
410 2785 442 2840 et
456 2767 655 2858 nobiscum,
682 2786 715 2842 et
733 2766 818 2841 solus
840 2766 956 2865 egistis
983 2769 1105 2869 ut,qui

143 2877 300 2950 nonsatis
314 2879 371 2949 diu
382 2877 506 2952 vixerit
519 2877 730 2968 Hortensius,
754 2892 865 2952 tamen
874 2879 968 2953 hunc
984 2886 1104 2959 cursum

51 3062 56 3075 ,
143 2985 336 3061 confecerit.
384 2987 489 3060 Annis
508 3010 583 3060 anre
603 2988 719 3061 decem
739 2987 960 3086 causasagere
983 2993 1106 3092 coepit,

143 3125 245 3200 quam
260 3119 345 3175 tues
365 3120 468 3172 natus.
492 3100 581 3172 idem
595 3118 714 3198 quarto
730 3116 763 3171 et
783 3098 985 3198 sexagesimo
1000 3129 1105 3193 anno,

17 3292 23 3299 ,
145 3209 316 3307 perpaucis
353 3226 428 3283 ante
442 3227 587 3283 mortem
596 3210 729 3300 diebus,
754 3232 819 3281 una
832 3225 944 3281 tecum
960 3211 1105 3288 socerum

144 3331 239 3387 tuum
257 3312 404 3389 defendit
422 3317 580 3419 Appium.
616 3313 763 3391 Dicendi
776 3338 1006 3414 autemgenus
1023 3319 1106 3419 quod

26 3466 36 3495 x,
145 3425 247 3504 suerit
266 3427 300 3498 in
318 3451 484 3528 utroque,
511 3430 678 3509 orationes
691 3429 860 3528 utriusque
883 3432 989 3507 etiarn
1003 3435 1105 3534 polle·

144 3538 192 3611 ris
204 3535 325 3611 nostris
346 3536 547 3613 indicabunt
774 3610 777 3615 .

81 3651 124 3728 95
194 3650 258 3722 Sed
280 3648 305 3720 fi
324 3649 529 3746 quaerimus,
550 3670 610 3723 cur
637 3647 825 3723 adolescens
853 3650 962 3748 magis
987 3652 1103 3727 florue-

80 3776 125 3828 325
147 3753 493 3852 ritdicend0,·quam
507 3754 618 3829 senior
638 3755 833 3833 Horrensrus
844 3782 857 3844 3
881 3759 996 3840 causas
1015 3784 1102 3861 repe·
