2302 4304
121 309 195 380 ιιι
356 269 859 386 trs-orentque

16 482 20 493 »
116 467 215 534 mus,
234 461 268 516 et
283 468 382 542 quem
404 445 572 519 austorem
596 440 877 540 publiciconsrlii,
905 457 942 514 et
955 464 1083 538 regen-

117 558 178 629 dae
200 556 343 631 civitatis
369 555 512 643 ducem,
547 580 580 630 er
602 556 779 629 sententiae
799 572 904 681 atque
910 553 1083 650 eloquenq

117 671 180 749 tiae
192 668 402 766 principem,
426 669 459 741 ιιι
474 669 623 758 senatu,
615 695 650 741 m
663 667 841 766 populos
833 694 867 739 m
883 665 986 739 causis
999 666 1079 761 pub·

117 781 189 855 licis
205 783 270 855 elle
300 783 466 855 volumus.
512 785 584 856 Nec
597 782 660 854 ulla
671 800 782 853 tamen
797 805 828 851 er
818 778 1077 876 philosophiae

117 891 203 964 siet
194 890 311 963 iniuria
327 917 346 962 a
363 891 470 962 nobis.
494 915 564 962 non
577 889 664 961 enim
690 888 864 984 repelletur
877 885 975 972 inde,
1001 911 1076 983 quo

117 1002 252 1100 aggredi
272 1001 413 1097 cupiet:
440 998 519 1070 se'd
511 1025 547 1071 m
572 997 712 1073 hortulis
735 996 880 1095 quiescet
901 995 987 1084 suis,
1020 995 1075 1067 ubi

118 1116 209 1202 vult,
233 1113 291 1186 ubi
310 1112 409 1184 etiam
429 1112 589 1183 recubans
613 1110 756 1181 molliter
774 1125 808 1179 et
825 1106 988 1192 delicate,
1014 1132 1085 1179 nos*

119 1241 240 1293 avocat
269 1215 446 1304 arosttis,
475 1215 665 1304 aiudiciis,
692 1215 716 1286 ιι
736 1215 848 1301 cruia,
875 1211 1010 1285 sortasse
1030 1212 1076 1284 sa·

71 1345 99 1404 ci
118 1332 269 1426 pienter,
285 1327 346 1398 hac
365 1324 553 1422 praesertim
569 1324 747 1419 republica.
793 1325 919 1392 Verum
932 1344 1074 1416 egonon

9 1470 14 1481 ,
117 1465 243 1536 quaero
264 1465 374 1527 nunc,
399 1437 541 1535 quaesit
573 1436 788 1535 philosophia,
806 1433 998 1524 verissima,
1022 1435 1074 1509 sed

29 1625 32 1631 ,
117 1573 200 1646 qrrae
217 1547 344 1620 oratori
367 1546 544 1625 coniunsla
568 1545 720 1618 maxime.
754 1546 882 1669 'Quare
907 1541 987 1615 istos
1011 1542 1074 1613 fine

39 1648 69 1694 ι·
118 1657 184 1746 ulla
200 1657 400 1732 contumelia
422 1657 647 1731 dimittamus.
672 1657 746 1733 sunt
759 1656 848 1731 enim
867 1671 901 1726 et
926 1653 1056 1726 boni
1024 1680 1074 1729 ιι·

118 1766 174 1854 ri,
199 1789 233 1841 et
246 1768 406 1866 quoniam
430 1768 519 1841 fibi
511 1787 558 1840 rta
577 1767 758 1858 videntur,
779 1766 899 1844 bearis
928 1781 1073 1839 tantum

7 1892 9 1897 ’
117 1901 182 1973 que
199 1901 257 1949 eos
273 1879 533 1964 admoneamus,
561 1897 597 1970 ut
615 1862 718 1963 illud,
752 1877 849 1951 etiam
871 1873 961 1951 stell
975 1875 1076 1951 veris.

117 1983 262 2073 fimum,
288 1983 424 2057 tacitum
446 2007 580 2075 tamen,
602 2003 758 2082 tanquam
778 1981 1001 2082 mysterium,
1024 2002 1073 2061 te·¹

117 2116 240 2184 neant,
277 2080 369 2194 quod
387 2118 516 2191 negant
538 2095 695 2168 versari
687 2124 723 2166 m
754 2095 922 2192 republica
942 2093 1009 2166 else
1026 2094 1073 2168 sa·

117 2204 246 2302 pientis
295 2209 400 2298 Nam,
425 2206 533 2280 sihoc
546 2206 643 2279 nobis
655 2226 783 2304 ,atque
805 2206 939 2302 optimo
955 2206 1073 2304 cuique

118 2314 351 2409 persuaserint,
375 2342 446 2389 non
472 2334 630 2414 potertmt
652 2316 712 2412 ipsi
729 2314 816 2403 effe,
843 2315 878 2389 id
890 2314 987 2413 quod
1000 2339 1073 2384 ma·

63 2436 102 2506 18
119 2426 208 2499 xime
222 2425 387 2524 cupiunt,
409 2426 519 2528 otiosi.
562 2426 697 2498 ‘Stoicos
722 2447 856 2513 aurem,
880 2447 967 2521 quos
976 2425 1075 2496 mini«

72 2552 101 2613 ις
118 2560 173 2607 me
198 2536 383 2631 improbo,
405 2538 541 2619 dimitto
555 2556 687 2625 tamen,
723 2560 784 2609 nec
804 2559 870 2637 ’eos
890 2534 994 2606 iratos
1017 2558 1073 2610 vc«.

118 2668 196 2714 reor
210 2697 222 2732 ,
247 2646 406 2741 quoniam
421 2650 562 2721 omnino
583 2647 677 2739 irasci
691 2647 853 2723 nesciuntr
878 2664 979 2743 atque
993 2638 1074 2725 hane

74 2840 80 2846 Ι
117 2750 157 2823 iis
180 2751 288 2824 habeo
302 2756 465 2849 gratiam,
488 2759 580 2855 quod
608 2758 667 2830 soli
682 2783 723 2831 ex
741 2757 894 2831 omnibus
921 2759 1073 2855 eloquen·
1112 2797 1114 2801 ·

116 2860 217 2951 tiam,
241 2863 400 2937 virtutem
425 2892 463 2938 ac
490 2868 680 2962 sapientia-m
710 2868 774 2940 esse
800 2868 964 2940 dixerunt.
1013 2865 1073 2940 Sed

117 2988 294 3070 utrumque
309 2973 354 3048 est
368 2973 401 3045 in
412 2976 483 3066 his,
508 2977 600 3073 quod
613 2979 654 3050 ab
668 2979 750 3066 hoc,
768 3002 864 3074 quem
878 2976 1074 3066 instruimus,

118 3086 253 3155 oratore
269 3083 365 3157 valde
380 3086 570 3158 abhorreat:
595 3089 666 3177 vel,
694 3089 785 3184 quod
799 3112 935 3176 omnes,
958 3089 1016 3185 qui
1029 3088 1074 3160 sa-

118 3191 248 3287 pientes
271 3221 341 3268 non
359 3196 445 3286 smt,
465 3196 602 3286 servos,
628 3188 791 3287 latrones,
828 3197 964 3288 hosteS,
998 3196 1075 3268 insa·

117 3325 179 3372 nos
197 3304 262 3377 esse
289 3307 427 3394 dictmt3
463 3334 568 3407 neque
590 3328 700 3383 tamen
720 3335 920 3408 quemquam
948 3310 1013 3383 esse
1028 3310 1074 3389 sa

116 3409 271 3506 pienrem.
320 3417 423 3501 Valde
424 3442 544 3521 ‘aurem
558 3419 602 3498 esl
613 3420 857 3506 absurdum,
829 3446 860 3492 er
875 3420 1073 3492 concionem

117 3540 172 3591 aut
189 3517 361 3613 senatum,
387 3543 442 3597 aut
456 3505 559 3599 ullum
578 3546 712 3598 coetum
725 3527 899 3599 hominum
914 3528 1073 3602 commit
1077 3567 1080 3571 ·

36 3645 39 3651 ’
115 3649 197 3723 tere,
211 3632 264 3706 cui
277 3659 377 3707 nemo
390 3635 536 3728 illorum,
548 3663 604 3735 qui
596 3638 727 3728 adsint,
737 3639 847 3729 santis,
862 3663 965 3711 nemo
979 3637 1073 3725 civis,

71 3750 101 3811 st
115 3769 215 3821 nemo
228 3747 309 3821 liber
323 3746 387 3820 elle
401 3747 561 3824 videatur.
588 3751 737 3851 Accedit,
750 3752 843 3850 quod
857 3750 1019 3828 orationis
1037 3775 1071 3820 e·
