2302 4304
117 299 190 373 4„
442 231 821 344 (11111011Γὶι

121 433 443 530 consentaneumque
466 428 610 525 tempori
637 442 671 498 et
683 425 866 522 personae;
893 425 1067 524 quodcum

121 547 157 618 in
171 545 263 617 saslis
276 543 471 640 saepissrme,
492 560 562 614 tum
578 540 612 610 in
626 538 719 610 diuis
728 538 837 627 valet,
856 539 893 610 in
913 538 1009 612 vultu
1016 539 1067 609 de·

121 657 248 753 nique,
267 678 300 727 et
323 654 438 752 gestu,
466 671 499 725 et
511 649 682 744 incessu3)
702 667 888 745 contraque
900 648 978 720 item
987 647 1069 718 dede

122 794 223 842 cere:
252 767 372 863 (quod
400 766 539 862 fipoeta
553 762 654 860 sugit,
674 784 710 832 ut
736 761 923 832 maximum
945 756 1070 847 vitium,

122 881 182 979 qui
203 893 320 975 peccat
340 876 462 964 etiam,
495 897 570 946 cum
590 872 731 968 probam
747 870 939 943 orationem
960 869 1071 966 affingit

122 986 299 1084 improb0,
327 984 474 1057 stultove
494 981 665 1079 sapientis,
681 979 716 1050 's1
739 979 883 1077 denique
911 981 1015 1077 pislot
1029 979 1071 1050 ille

122 1098 234 1185 vidit,
258 1121 337 1170 cum
354 1095 557 1168 immolanda
570 1091 739 1189 Iphigenia
751 1090 852 1163 tristis
876 1091 1012 1163 Calchas
1032 1090 1072 1163 es·

123 1211 193 1300 set,
218 1210 376 1285 moestior
389 1209 544 1309 Ulysles,
570 1228 736 1278 moereret
756 1204 951 1292 Menelaus,
965 1205 1073 1278 obvol-

123 1322 273 1395 vendum
294 1342 393 1418 caput
418 1321 678 1421 Agamemnonis
697 1318 793 1408 esse,
824 1317 986 1418 quoniam
1001 1318 1074 1390 sum·

124 1455 217 1503 mum
233 1432 325 1503 illum
341 1432 467 1503 ludum
490 1430 644 1527 penicillo
664 1454 734 1503 non
749 1427 859 1526 posset
880 1429 1026 1515 imitati3
1056 1427 1075 1498 fi

17 1638 21 1645 ι
124 1540 267 1640 denique
280 1539 420 1632 histrio,
439 1542 519 1640 quid
535 1542 667 1630 deceat,
691 1541 842 1638 quaerit:
863 1541 950 1638 quid
967 1540 1075 1612 facien

125 1648 206 1720 dum
217 1649 343 1721 oratori
355 1668 507 1746 putemus
522 1649 563 1744 1)
591 1648 666 1734 sed,
695 1673 769 1721 cum
791 1647 860 1719 hoc
880 1667 1009 1720 tantum
1027 1645 1073 1732 s1t;
1097 1682 1101 1713 1

126 1756 209 1854 quid
226 1756 261 1828 in
284 1756 405 1847 causis,
428 1783 605 1855 earumque
619 1756 706 1855 quast
730 1755 891 1828 membris
905 1755 1024 1846 faciat,
1040 1780 1074 1827 o-

127 1888 220 1942 rator
253 1870 385 1944 viderit.
419 1871 502 1943 Illud
529 1871 661 1969 quidem
688 1867 900 1996 perspicuum
926 1866 994 1957 est,
1018 1891 1075 1938 non

32 2004 35 2009 ·
126 1981 235 2052 modo
252 2003 361 2077 partes
379 1981 562 2070 orationis,
585 1980 639 2053 sed
653 1982 752 2053 etiarn
767 1981 878 2054 causas
891 1999 998 2068 totas,
1008 1981 1075 2100 alias

127 2090 189 2162 alia
201 2091 310 2163 forma
327 2090 456 2164 dicendi
471 2092 535 2164 esse
547 2094 734 2165 tradendas

61 2215 104 2288 23
176 2198 346 2296 Sequitur,
363 2214 412 2271 ut
424 2199 578 2296 cuiusque
597 2199 723 2296 generis
738 2218 819 2271 nota
838 2215 1075 2297 quaeratiu,et

76 2330 106 2382 75
129 2300 282 2374 sormula.
304 2327 461 2400 magnum
484 2328 589 2399 opus,
608 2324 641 2374 et
661 2303 821 2391 arduum,
848 2320 888 2375 ut
903 2303 996 2398 saepe
1020 2303 1075 2374 ian

126 2413 302 2485 diximus:
337 2412 391 2484 sed
417 2412 672 2511 ingredientibus
700 2410 974 2494 considerandum
999 2409 1074 2498 suit,

125 2524 209 2620 quid
222 2549 413 2622 ageremus:
439 2551 528 2598 nunc
548 2525 707 2623 quidem‘'
698 2549 784 2613 tam,
809 2530 1075 2649 quocunquee·
1036 2522 1075 2594 fe·

124 2656 258 2721 remur,
285 2635 442 2706 danda
411 2639 568 2708 nrmirum
581 2636 655 2709 vela
673 2634 756 2706 sunt.
793 2636 857 2706 Ac
870 2634 1017 2729 primum
1032 2633 1075 2702 in·

125 2736 320 2810 formandus
340 2740 387 2811 est
408 2742 462 2813 ille
477 2744 604 2833 nobis,
600 2767 708 2841 quern
732 2724 837 2813 solum
864 2744 1003 2840 quidam
1022 2767 1080 2816 vo.

76 2858 109 2924 7⁶
126 2865 204 2914 cant
217 2844 385 2918 Atticum.
400 2850 589 2922 Summislus
617 2851 688 2940 est,
702 2859 746 2924 et
759 2851 918 2941 humilis,
947 2851 1075 2925 consue·

126 2953 303 3028 tudinem
295 2956 446 3047 imitans,
471 2959 513 3028 ab
535 2958 697 3032 indisertis
715 2985 751 3031 re
773 2958 870 3054 plus,
895 2987 998 3058 quarn
1011 2961 1071 3057 opi·

123 3063 254 3154 nione,
280 3062 442 3138 differens.
480 3067 593 3162 Itaque
608 3092 683 3138 eum
704 3067 764 3167 qui
780 3067 944 3158 audiunt,
971 3095 1071 3168 quarn·

21 3187 40 3231 '.
127 3171 181 3243 vis
193 3172 254 3266 ipsi
270 3172 407 3275 infantes
427 3173 513 3261 fint,
531 3194 642 3247 tamen
659 3177 718 3249 illo
737 3176 841 3247 modo
855 3177 1031 3251 considunt
1048 3175 1071 3249 se

125 3277 222 3369 posse
232 3279 352 3355 dicere.
379 3269 454 3356 narii
479 3286 639 3357 orationis
664 3285 839 3375 subtilitas,
865 3286 1033 3362 imitabilis
1045 3289 1071 3360 il·

126 3382 159 3452 la
176 3384 311 3478 quidem
328 3389 463 3464 videtur
483 3393 546 3465 esse
564 3392 778 3478 existimanti,
791 3393 847 3465 sed
865 3396 951 3468 nihil
969 3396 1015 3469 est
1029 3423 1071 3469 er

125 3495 266 3590 perienti
288 3496 406 3574 minus.
431 3502 497 3575 Etsi
514 3504 603 3575 enim
617 3528 686 3575 non
700 3504 834 3601 plurimi
847 3504 1014 3604 sanguinis
1025 3504 1068 3592 esl,

125 3603 243 3675 habeat
254 3624 363 3678 tamen
376 3609 512 3684 succum
528 3614 671 3711 aliquem
689 3634 853 3710 oportet,
880 3632 939 3706 ut,
961 3611 1068 3691 etiami

109 3708 189 3786 'illis
210 3717 362 3793 maximis
380 3720 506 3796 viribus
526 3741 654 3816 careat,
667 3725 707 3799 sit
733 3725 1067 3825 (utitadicam)i11·,
