2302 4304
256 306 258 310 ³
361 275 688 377 tionum.
756 282 770 373 .’
964 309 1028 409 185

61 461 95 536 di
120 489 226 562 genus
260 463 390 537 ridiculi
407 465 519 538 vultus
544 467 642 538 etiam
662 469 955 542 accommodetur:
972 472 1032 568 qui

25 599 28 603 ⁸
61 573 201 669 quidem
232 597 302 671 quo
332 571 578 664 severiores,
611 594 645 647 et
675 576 824 665 tristior,
850 601 887 650 ut
912 579 947 649 iu
972 602 1032 669 te,

62 683 179 756 Crasse
194 741 205 774 ‚
219 685 286 757 hoc
297 682 368 774 illa,
377 709 461 783 quae
478 685 644 778 dicuntur,
654 687 783 760 salsiora
795 686 903 761 uideri
916 690 1030 786 solent.

111 793 177 864 Sed
195 793 261 863 iam
285 814 344 879 tu,
368 794 515 882 Antoni,
547 796 606 893 qui
620 797 686 869 hoc
702 797 896 881 deversorio
909 798 1031 871 sermo·
1048 840 1095 890 290

63 900 115 972 nis
136 903 204 974 mei
228 904 366 976 libenter
389 906 616 1002 acquieturum
645 927 681 985 ,re
710 908 775 980 esse
802 909 930 998 dixisti,
956 932 1031 983 rau-

62 1033 164 1104 quam
187 1010 223 1081 in
245 1012 426 1089 Pontinum
453 1014 657 1103 deverteris,
697 1041 804 1112 neque
828 1040 1030 1101 amoenum,

63 1145 175 1217 neque
192 1120 353 1192 salubrem
375 1121 515 1209 locum,
542 1123 661 1194 censeo
682 1143 718 1196 ut
743 1123 817 1196 sitis
835 1125 943 1197 diute
964 1151 1029 1222 pu-

63 1250 115 1304 tes
144 1233 328 1330 requiesse,
360 1257 393 1306 et
420 1234 483 1307 iter
518 1235 681 1330 reliquum
712 1235 878 1309 conficere
902 1262 1028 1335 pergasi

64 1345 143 1441 Ego
159 1371 263 1437 vero,
299 1369 399 1444 mque
419 1346 521 1417 hilare
538 1338 672 1443 quidem
695 1366 760 1419 ate
778 1372 954 1443 acceptus,
977 1349 1030 1421 iu·
1105 1396 1107 1401 -

62 1450 157 1546 quit,
180 1474 214 1523 et
241 1475 317 1522 cum
340 1450 471 1523 dodlior
498 1468 626 1546 perte,
656 1469 728 1522 tum
750 1453 850 1524 etiam
869 1454 1027 1529 audacior

62 1563 169 1633 fadus
194 1562 263 1635 sum
289 1563 541 1642 adiocendum.
591 1563 670 1633 Non
702 1562 792 1633 enim
814 1589 957 1654 vereor,
984 1591 1027 1636 ne

61 1669 137 1766 quis
161 1672 266 1744 mein
291 1670 353 1742 isto
375 1695 494 1768 genere
512 1668 676 1741 leviorem
696 1672 761 1740 iam
789 1689 909 1767 putet,
937 1682 1026 1769 quo-

62 1778 152 1872 niam
170 1779 306 1877 quidem
332 1799 370 1853 tu
383 1778 552 1853 Fabricios
576 1779 657 1849 mibi
680 1781 852 1870 nudiores,
881 1799 915 1851 et
939 1779 1027 1853 Afri·

61 1911 185 1973 canos,
209 1887 391 1977 Maximos,
415 1887 584 1977 Catones,
611 1889 755 1984 Lepidos
768 1888 941 1985 protulisti.
962 1890 1027 1963 Sed
1045 1921 1088 1971 291

61 1995 190 2069 habetis
212 2022 274 2087 ea,
303 1996 551 2094 quaeuoluistis
566 2021 609 2068 ex
626 1999 827 2087 meeudire,
851 1996 1028 2094 dequibus
1103 1986 1108 1993 ⁴

61 2108 199 2206 quidem
230 2109 416 2182 accuratius·
433 2111 611 2182 dicendum
643 2131 677 2184 et
714 2110 930 2207 cogitandum
954 2107 1027 2183 fuit.

62 2242 139 2287 mm
168 2235 277 2289 cetera
298 2216 446 2291 faciliora
466 2219 561 2307 sunt,
575 2242 682 2316 'atque
705 2244 756 2296 eu¹
768 2219 832 2302 iis,
859 2242 943 2313 quae
961 2218 1027 2288 iam

62 2332 148 2404 dida
175 2333 268 2423 sunt,
303 2333 431 2431 reliqua
458 2331 633 2406 nascuntur
659 2332 783 2405 omnia,
838 2333 912 2426 Ego
938 2331 1025 2402 enim
1045 2361 1091 2430 72

62 2467 137 2516 cum
159 2444 203 2514 ad
221 2442 355 2516 oausam-
373 2442 443 2516 sum
456 2441 644 2539 aggressus,
671 2459 775 2538 atque
787 2442 901 2512 omnia
928 2444 1025 2540 co‘gi-

62 2553 183 2642 tando,
208 2553 321 2650 quoad
337 2551 450 2624 facere
470 2550 582 2646 potui,
606 2550 817 2646 persecutus=3
845 2575 920 2622 cum
936 2569 1027 2623 etar-
1071 2555 1072 2559 ’

50 2672 219 2759 'giunema
239 2661 372 2751 causae,
399 2685 432 2735 et
455 2685 513 2733 eos
530 2661 624 2734 locos
636 2715 663 2747 ‚.
679 2662 798 2760 quibus
816 2661 917 2733 animi
940 2662 1027 2734 iudi-

64 2798 140 2845 cum
177 2770 418 2863 conciliantur,
455 2789 488 2845 et
522 2772 630 2861 illos,
668 2773 785 2951 qulxurs
820 2794 1025 2870 permoven·
1072 2866 1073 2870 Ἰ

63 2897 141 2971 tur,
169 2880 246 2954 vidi
259 2881 536 2978 atquecognovi:
559 2896 632 2951 tum
662 2905 734 2964 con,
752 2879 852 2968 into,-
866 2880 945 2977 quid
966 2881 1025 2951 ha·

63 2988 137 3062 beat
153 3015 303 3088 quaeque
325 2989 423 3065 causa
441 2989 549 3077 boni,
575 2989 655 3084 quid
676 2989 763 3061 mali.
812 2990 909 3060 Nulla
936 2989 1024 3061 enim

62 3099 130 3171 sere
156 3125 209 3172 res
231 3098 338 3196 potest
361 3098 545 3179 indicendi
569 3099 841 3195 disceptationem
861 3121 924 3169 eut
938 3124 1023 3170 con·

62 3206 260 3280 troversiam
275 3208 416 3294 vocari„
426 3230 514 3306 quae
529 3232 604 3279 -non
618 3209 735 3290 habear
744 3228 944 3307 utrumque:
958 3212 1024 3304 sed,

62 3341 222 3414 quintum
240 3317 379 3405 habeat,
410 3319 444 3393 id
468 3319 604 3393 resecr,
633 3325 709 3394 Mea
744 3341 854 3405 autem
867 3324 960 3399 ‘ratio
988 3328 1022 3399 in
1041 3357 1089 3410 292

63 3428 205 3501 dicendo
225 3429 305 3504 hacc
318 3428 502 3522 effesolet,
530 3447 585 3515 ut,
612 3432 696 3507 boni
712 3435 806 3530 quod
824 3435 964 3526 habeat,
987 3437 1022 3507 id

63 3539 261 3635 ampleclar,
287 3565 472 3630 exornem,
493 3566 694 3640 exaggerem
709 3570 720 3630 ;
737 3543 800 3623 ibi
818 3569 1033 3632 commorer,

63 3649 109 3721 ibi
125 3653 294 3744 habitem,
320 3656 365 3727 ibi
388 3657 562 3730 hn'ereemz
586 3683 606 3730 a
629 3660 716 3745 malo
744 3681 853 3732 aurem
869 3655 1022 3754 vitioque

65 3759 174 3832 causae
200 3760 246 3834 ira
264 3762 443 3856 recedam,
464 3787 538 3836 non
563 3783 601 3839 ut
615 3765 727 3850 idme
741 3765 896 3862 defugere
917 3787 1020 3859 appa·
1112 3839 1119 3855 ,

532 3998 542 4015 ι
558 3996 576 4038 Ἰ
678 3989 681 3997 ’
