2302 4304
386 276 686 380 ιιιιιι.
873 268 876 273 ’
981 259 1087 391 17'

38 491 97 542 aut
123 465 439 542 interdictorem
464 466 731 555 contenderent,
752 483 808 540 aut
831 488 865 541 te
889 489 931 540 ex
951 469 1024 542 iure

43 601 149 647 manu
177 571 370 647 consertum
397 567 587 663 vocarent,
614 573 708 671 quod
734 573 770 674 in
794 568 912 648 ilienat
939 576 1021 679 pos·

44 688 203 762 sessiones
226 705 293 758 tant
317 702 441 769 temere
462 685 616 758 irruilles.
643 688 792 784 Agerent
804 689 892 759 enim
911 688 1021 763 tecuin
1035 720 1070 774 4²

45 800 116 898 lege
130 799 280 896 primum
299 797 507 896 Pythagorei
520 822 638 870 omnes
661 805 761 895 atque
779 798 1024 893 Democritici,

48 912 220 1009 ceterique
233 964 245 1000 ,
258 910 294 980 in
308 907 367 1008 suo¹
390 931 531 1007 genere,
553 904 684 1005 physici
708 907 941 1000 vindicarent,
966 937 1025 982 or·-

49 1020 117 1092 nati
154 1020 309 1091 homines
336 1017 371 1089 in
397 1016 541 1090 dicendo
573 1034 607 1087 et
644 1038 789 1111 graves,
827 1016 1025 1113 quibuscum

51 1129 110 1218 tibi
126 1129 225 1202 -iullo
253 1127 460 1202 sacramento
481 1126 683 1199 contendere
710 1148 781 1201 non
800 1122 925 1200 liceret.
953 1130 1025 1200 Ur-

25 1252 165 1336 'gerent
190 1256 364 1336 praeterea
386 1233 668 1333 philosophorum
706 1240 847 1335 greges,
880 1238 946 1337 iarn
983 1236 1026 1313 ab
1098 1274 1107 1293 ·

56 1351 109 1423 illo
122 1351 238 1442 fonte,
257 1370 291 1423 et
305 1350 414 1447 capite
427 1350 590 1440 Socrate,
616 1347 698 1421 nihil
712 1373 744 1422 te
758 1350 907 1423 debonis
926 1352 1026 1425 rebus
1082 1405 1085 1410 -

53 1436 88 1539 in
111 1466 209 1557 vita,
242 1462 325 1537 nibil
352 1460 397 1535 de
408 1459 539 1553 tnalis,
573 1461 655 1534 nihil
687 1460 728 1535 de
754 1462 856 1534 animi
888 1485 1026 1560 permo-

58 1577 220 1667 tionibus,
241 1575 374 1666 nibilde
387 1574 564 1647 bominum
577 1573 747 1659 tno'ribn's,
770 1573 852 1644 nihil
866 1574 906 1645 de
920 1574 1026 1647 ratio-

59 1714 96 1760 ne
107 1682 381 1776 vitae-didicisse,
395 1684 478 1756 nihil
492 1684 633 1756 omnino
647 1682 826 1781 quaesisse,
847 1683 930 1758 nibil
943 1683 1027 1757 scire

60 1795 321 1870 convincerent:
348 1816 382 1865 et
408 1818 487 1864 cunt
511 1790 655 1864 'univerfi
678 1792 713 1862 in
737 1809 771 1863 te
794 1792 956 1888 impetum
975 1792 1027 1866 fe·

61 1903 195 1994 cill'ent,
223 1924 299 1976 tunt
327 1899 374 1976 fin
408 1899 471 1971 tlae
498 1898 643 1972 familiae
669 1899 760 1972 litem
788 1898 849 1971 tibi
874 1897 1026 1975 intende·

61 2029 138 2082 tent.
163 1956 302 2080 Iristatet
321 1916 500 2078 Acidemla
511 2032 651 2105 „quae
679 2007 842 2106 quidquid
870 2010 1026 2103 dixisses,
1042 2006 1093 2087 43¹

42 2118 135 2216 ,idte
148 2117 257 2217 ipsum
286 2132 407 2215 negare
437 2136 582 2216 cogeret.
609 2118 714 2190 Stoici
737 2145 822 2191 vero
837 2118 940 2193 nostrl
960 2122 1044 2194 dis-·
1123 2215 1128 2223 .

62 2230 266 2325 putationum
288 2226 439 2312 suarum,
462 2246 560 2324 atque
579 2227 885 2352 interrogationutn
904 2202 1030 2327 laqueis
1122 2246 1126 2251 '

62 2357 92 2411 te
111 2340 280 2412 irretinnn
295 2350 456 2410 tenerent.
484 2336 695 2433 Peripatetici
709 2350 819 2409 autem
833 2338 933 2408 etiarn
947 2339 1029 2410 haec

65 2448 136 2546 ipsa,
155 2475 244 2549 quae
260 2448 398 2545 propria
414 2465 589 2519 oratorum
605 2459 736 2543 putates
751 2446 816 2518 elle
830 2446 1028 2538 adiumenta,

65 2563 156 2661 atque
193 2572 392 2634 ornamenta
431 2545 585 2645 dicendi,
617 2557 659 2628 ab
693 2554 724 2628 se
758 2556 827 2655 peti
854 2555 1028 2632 vincerent

32 2682 38 2727 l
65 2688 242 2766 oportere:
263 2692 301 2742 ae
325 2691 394 2741 non
416 2668 537 2741 solunt
546 2667 701 2757 meliora,
724 2660 902 2740 sedetiam
921 2670 1029 2742 multo

64 2784 153 2879 plura
175 2781 388 2854 Aristotelem
415 2780 749 2880 Theophrastumque
772 2780 815 2852 de
837 2780 889 2855 h'is
910 2783 1029 2870 rebus,
1069 2836 1076 2846 .
1132 2799 1135 2805 ’

64 2921 161 2992 quam
182 2889 301 2968 ornnes
328 2877 461 2967 dicendi
487 2893 684 2991 magistros,
699 2893 857 2993 scripstlle
876 2894 1029 2967 ostende·

65 3028 146 3081 tent.
179 3003 297 3081 Miffos
331 3003 425 3081 facio
459 3007 737 3097 mathematicos,
770 3008 1028 3105 grammaticos,
1043 3044 1077 3094 tt

66 3115 226 3205 musicos,
256 3111 444 3217 qtloruln'
429 3117 562 3190 'a'rtibus
588 3117 702 3192 vestra
728 3116 786 3190 ista
820 3114 951 3191 dicendi
977 3121 1031 3194 vis

67 3250 104 3296 ne
133 3225 274 3298 minima
301 3223 436 3324 quid'e'ln=
465 3226 619 3301 societate
648 3227 861 3326 contingitur
901 3232 1032 3322 Quam
1110 3238 1116 3249 ‘

67 3334 184 3403 obrem
202 3334 260 3406 ista
273 3350 364 3407 tanta
370 3338 530 3433 ,tabique
544 3332 645 3408 multa
650 3390 661 3422 ,
675 3334 885 3432 profitenda,
899 3338 1031 3425 Craffe,

67 3468 134 3514 non
168 3442 314 3518 censeo
339 3446 423 3519 Satis
457 3446 491 3518 id
518 3445 564 3518 est
591 3456 769 3544 magnum,
803 3448 894 3545 quod
933 3456 1030 3551 po'tes

36 3594 42 3613 ·
67 3549 251 3652 praestate,
276 3554 369 3626 utin
387 3534 515 3628 iudiciis
541 3581 579 3626 en
601 3554 719 3646 causa,
738 3570 857 3655 qua'tnc
859 3580 970 3655 unque
993 3581 1030 3629 ru

67 3661 176 3751 dicis,
200 3662 377 3737 melioret
401 3651 605 3761 probabilior
628 3668 694 3744 elle
720 3668 904 3742 videatur:
930 3688 966 3740 ut
994 3669 1034 3756 in,
1059 3674 1072 3682 ”

47 3814 52 3827 ·
69 3773 292 3844 concionibus
305 3796 339 3846 et
355 3773 520 3846 sententiis
543 3774 689 3850 dice'ndis
709 3778 749 3849 ad
768 3776 1043 3874 pertradendum‘
1124 3800 1127 3805 ·

120 3872 219 3941 Cicer
251 3872 343 3963 Oper.
370 3877 452 3942 Vol
466 3872 514 3941 II.
815 3873 841 3944 B
899 3906 902 3910 ⁸
