2302 4304
30 159 37 177 .
158 126 217 210 ιιι
316 159 319 162 -
787 155 795 175 ι

168 204 296 277 :a
383 233 748 334 moratu
887 210 897 311 Ι·
957 282 1018 363 ιιι

47 416 191 516 fecisti,
219 448 264 520 eo
290 414 344 498 ine
366 423 477 529 maior
488 424 685 521 exspectatio
705 439 811 517 tenet,
827 421 1023 524 quibusnam
1040 450 1073 503 74

46 530 270 637 tatiombtu,
293 541 455 640 quibusve
478 534 659 639 praeceptis
680 568 719 614 ea
737 560 825 616 tanta
850 545 903 617 vis
925 557 1022 618 com-

47 670 220 749 paretur:
243 661 312 724 non
330 673 400 749 quo
421 672 494 724 mea
513 651 649 750 quidem
673 650 739 721 iant
763 650 886 725 intersit
901 708 913 744 ,
929 648 947 754 (
961 679 1021 727 ne·

47 783 121 859 que
150 761 244 832 enim
274 779 361 834 aetas
383 761 417 832 id
440 786 514 835 mea
540 762 721 849 desiderat,
742 782 776 836 et
801 764 890 840 aliud
910 764 1023 863 quod·

50 869 135 940 (lam
152 894 255 967 genus
276 871 487 958 dicendi-nos
508 873 609 945 secuti
630 871 758 961 sumus,
776 874 835 973 qui
856 895 1028 971 nunquam

51 976 234 1053 sententias
257 980 298 1055 d'e
323 980 472 1055 manibus
498 981 645 1081 iudicum
670 986 706 1060 vi
725 988 869 1084 quadam
896 984 1029 1058 oratio⁴
1065 1047 1072 1062 .

51 1091 108 1164 nis
137 1090 355 1179 extorsnnus,
378 1111 417 1165 ac
444 1092 556 1189 potius
579 1090 712 1189 placatis
737 1116 857 1167 eorum
883 1094 1025 1181 animis,

54 1222 211 1292 tantum,
233 1229 392 1305 quantum
422 1207 482 1306 ipfi
515 1205 746 1305 patiebantur,
783 1204 971 1304 accepimus
985 1203 1023 1303 ,)

54 1308 122 1388 secl*
131 1331 243 1390 tamen
259 1310 317 1389 isla
337 1339 415 1406 tua,
436 1312 561 1391 nullum
578 1311 621 1390 ad
636 1316 728 1391 usum
742 1344 871 1405 meum,
895 1333 1024 1389 tantum

57 1424 281 1524 cognoscendi
292 1426 401 1500 studio
413 1426 571 1502 adductus
585 1427 731 1527 requiro.
757 1422 830 1500 Nec
842 1428 924 1501 mihi
938 1453 1024 1525 opus
1039 1411 1070 1491 ⁷3

56 1534 107 1608 est
130 1531 263 1612 Graeco
299 1535 412 1638 aliquo
438 1539 601 1629 doslote,
634 1538 692 1638 qui
723 1538 806 1612 mihi
832 1539 1024 1638 pervulgata

57 1667 234 1746 praecepta
263 1647 438 1741 decantet,
478 1671 555 1724 cunt
585 1648 652 1747 ipse
687 1672 855 1748 nunquam
882 1649 1023 1740 forum,

57 1784 227 1860 nunquam
253 1758 356 1835 ullum
380 1759 539 1836 iudicium
563 1759 768 1859 adspexerit}
793 1776 832 1831 ut
856 1759 1023 1857 peripate-

29 1950 35 1965 ,
57 1869 144 1950 ticus
163 1870 217 1949 ille
239 1876 359 1952 dicitur
380 1874 566 1963 Phonnio;
593 1901 669 1949 cum
696 1872 858 1947 Hannibal
881 1872 1024 1946 Cartha-

59 1983 134 2080 gine
150 1984 299 2081 expulsus
313 1983 488 2083 'Ephesum
510 1985 553 2056 ad
570 1981 774 2071 Antiochum
797 1979 937 2054 venisset
959 2009 1023 2075 exf-
1099 2058 1103 2063 ,

59 2096 121 2191 sul,
144 2118 274 2197 proque
296 2120 359 2189 e0,
380 2093 472 2196 quod
490 2097 559 2170 eius
582 2121 707 2168 nomen
719 2111 787 2182 etat
802 2113 919 2188 magna
933 2093 1022 2187 apud

59 2230 175 2282 omnes
193 2204 320 2307 gloria,
343 2203 497 2284 invitatus
521 2206 600 2279 etlet
625 2207 667 2278 ab
684 2201 868 2300 hospitibus
892 2203 970 2287 suis,
983 2199 1022 2274 ut

58 2344 159 2407 etun,
176 2346 277 2419 quern
298 2319 387 2408 dlxi,
405 2316 562 2405 fivellet‚
577 2317 718 2399 audiret,
728 2417 730 2421 y
742 2338 885 2408 ctunque
898 2313 940 2382 se¹
951 2337 1021 2384 non

59 2433 145 2504 nolle
162 2427 316 2518 dixissen
340 2431 470 2503 locutus
490 2427 554 2500 effe
581 2424 700 2498 dicitur
724 2421 832 2514 homo
867 2422 1022 2517 copiosus

60 2541 183 2639 aliquot
207 2542 304 2614 horas
330 2542 371 2614 de
406 2537 616 2636 imperatoris
645 2535 781 2622 officio,
807 2550 841 2605 et
861 2533 902 2606 de
925 2530 1019 2608 omni

59 2670 92 2724 te
118 2648 262 2724 militari.
288 2648 397 2739 Tum,
413 2677 489 2724 cum
504 2649 629 2738 ceteri,
645 2647 701 2746 qui
723 2645 812 2716 illum
827 2643 1019 2738 audierant,

60 2764 275 2837 vehementer
302 2759 404 2836 essent
427 2756 601 2850 delellati,
629 2756 828 2857 quaerebant
854 2756 894 2828 ab
921 2754 1016 2828 Han·
1067 2752 1069 2757 ⁴

59 2869 163 2947 nibale
179 2926 191 2965 ,
209 2877 368 2973 qtudnant
391 2872 458 2972 ipse
482 2874 522 2945 de
549 2870 606 2946 illo
624 2866 825 2970 philosopho
849 2867 1016 2943 iudicaret.

61 2982 121 3058 Hic
135 2982 267 3059 Poenus
276 3013 346 3059 non
359 2985 484 3093 optime
499 2984 643 3072 Graece,
658 2976 712 3054 sed
725 3003 836 3073 tamen
846 2979 946 3050 libere
962 3003 1016 3050 re-

47 3091 222 3192 spondille
243 3092 376 3188 fertur,
393 3093 513 3165 multos
537 3090 568 3161 se
588 3085 726 3162 ‹leliros
732 3068 821 3172 senes
844 3085 938 3178 saepe
961 3081 1016 3157 vi-

10 3201 317 3332 disset·sedq11i
343 3204 470 3302 magis,
501 3222 600 3300 quam
627 3197 814 3285 Phormio,
837 3193 1014 3280 deliraret,

65 3317 174 3390 vidisse
200 3312 390 3390 neminem.
392 3304 523 3443 Neque
541 3302 758 3384 mehercule
749 3309 876 3380 miuria.
922 3307 1014 3402 Quid
1029 3301 1063 3375 7⁶

67 3427 147 3501 enim
171 3450 228 3502 aut
247 3429 473 3526 arrogantius,
500 3443 555 3498 aut
579 3419 750 3520 loquacius
777 3418 849 3521 fieti
875 3419 1013 3548 potuit,

49 3564 157 3638 quam
183 3532 379 3629 Hannibali,
407 3538 463 3638 qui
490 3555 542 3610 tot
568 3555 672 3609 annos
699 3533 774 3607 de
766 3534 909 3629 imperio
936 3554 1012 3604 cum

73 3651 185 3744 populo
208 3648 364 3723 Romano
392 3648 543 3722 omniunt
561 3647 707 3744 gentium
734 3645 862 3718 victore
891 3621 1014 3713 certas

75 3750 134 3842 set,
162 3761 327 3831 Graecum
361 3743 559 3845 hominem,
586 3752 643 3853 qui
667 3775 834 3862 nunquam
859 3743 1014 3832 hostem,
1132 3782 1136 3789 ·

119 3842 206 3928 Cicer.
231 3859 323 3951 Opcr
354 3856 426 3928 Vol
450 3851 501 3926 ΙΙ.
810 3840 847 3920 Η
