2302 4304
112 314 309 413 ,ms‚.
423 310 752 383 ouurou

113 475 251 563 dentes,
277 471 313 544 in
333 470 466 568 reliquis
488 471 663 546 exsultavit
685 459 853 545 audacius.
891 475 944 548 Ac
964 491 1061 547 tamen

112 587 148 660 in
169 587 236 656 hoc
259 582 347 679 ipso,
372 583 544 678 diligenter
562 583 771 656 examinante
792 584 980 659 verborum
997 610 1062 658 om·

111 697 205 769 nium
224 694 396 793 pondera,
419 687 631 790 reprehendit
658 694 838 769 Aeschines
864 683 1023 794 quaedam
1038 719 1065 770 et

111 805 276 905 exagitat,
308 805 532 902 illudensque,
571 807 662 894 dira,
687 808 824 896 odiosa,
858 811 1065 887 intolerabilia

111 915 178 989 elle
195 915 286 987 dicit.
309 914 392 1012 quin
410 914 510 998 etiam
533 916 662 1013 quaerit
684 917 725 988 ab
743 917 836 1016 ipso,
849 945 931 992 curn
948 922 1065 1020 quidem

111 1054 190 1107 eum
212 1026 355 1119 belluam
378 1025 541 1124 appellet,
567 1047 679 1099 utrum
700 1029 754 1100 illa
780 1030 915 1121 verba,
936 1056 978 1102 an
999 1057 1066 1128 por·

111 1160 201 1218 tenta
223 1143 302 1215 sint:
328 1160 365 1213 ut
385 1141 540 1214 Aeschini
559 1167 600 1212 ne
614 1139 861 1215 Demosthenes
876 1142 1011 1240 quidem
1023 1143 1068 1213 vi·

62 1277 96 1330 27
115 1254 230 1326 deatut
251 1251 361 1322 Attice
384 1251 505 1323 dicere.
543 1251 648 1323 Facile
672 1249 718 1323 est
735 1252 828 1323 enim
851 1254 994 1327 verbum
1017 1254 1067 1326 ali·

53 1354 56 1359 *
113 1364 208 1464 quod
224 1363 342 1436 ardens
363 1360 418 1458 (ut
436 1363 482 1433 ita
499 1361 627 1459 dicam)
649 1384 785 1451 notare,
808 1365 914 1464 idque
926 1366 1067 1440 rellindis
1098 1448 1102 1457 ,

112 1477 179 1550 iam
198 1475 387 1578 animonun
408 1473 571 1545 incendiis
589 1472 738 1545 irridere.
764 1477 882 1572 ltaque
896 1477 929 1548 se
941 1502 1068 1576 purgans

112 1586 243 1661 iocatur
263 1581 526 1656 Demosthenes:
552 1599 670 1679 negat,
691 1583 727 1657 iu
742 1607 786 1655 eo
799 1583 1068 1679 politasessesor·

110 1713 208 1770 tunas
225 1698 400 1788 Graeciae,
414 1697 482 1769 hoc
495 1721 537 1767 an
551 1695 630 1769 illud
642 1698 782 1769 verbaun
795 1699 942 1792 dixerit,
960 1702 1021 1776 huc
1032 1727 1065 1772 an

113 1804 194 1880 illuc
212 1833 345 1881 manum
362 1807 562 1906 porrexerit.
611 1799 771 1900 Quonam
785 1807 889 1904 igitur
906 1812 1010 1883 modo
1021 1807 1067 1881 au·

114 1921 241 1994 ditetur
271 1921 408 2020 Mysus,
445 1937 501 1993 aut
528 1919 643 2018 Phryx
680 1919 840 2010 Athenis,
860 1946 957 1994 ‘etun
983 1917 1067 2015 etiam

115 2032 359 2111 Demosthenes
386 2033 588 2133 exagitetur,
611 2048 648 2104 ut
673 2031 829 2129 putidus?
882 2036 973 2110 Cum
996 2058 1068 2108 veto

115 2143 271 2218 inclinata
294 2144 498 2240 ululantique
518 2167 627 2232 voce,
654 2140 748 2213 mot'e
771 2141 941 2235 Asiatico,
964 2168 1068 2237 canere

58 2304 62 2308 -
115 2244 300 2356 coepisset,
323 2257 398 2355 quis
429 2281 505 2328 eum
536 2253 665 2326 ferret?
690 2271 746 2324 aut
767 2255 844 2352 quis
871 2258 1067 2352 potiusnon

70 2372 97 2458 '9
118 2367 246 2440 iuberet
263 2365 411 2440 auferri?
439 2364 491 2437 Ad
514 2364 706 2436 Atticorum
723 2363 822 2460 igitur
845 2388 942 2436 aures
960 2383 1068 2437 teretes

117 2498 151 2549 et
177 2476 345 2575 religiosas
367 2476 480 2576 quise
507 2475 783 2565 accommodant,
812 2474 838 2545 ii
863 2474 941 2549 saint
967 2475 1066 2549 existi-

64 2599 97 2651 αθ
116 2586 230 2656 mandi
252 2587 362 2657 Attice
392 2584 512 2658 dicere.
551 2588 707 2678 Quorum
729 2607 852 2681 genera
869 2584 967 2680 plura
988 2587 1066 2670 sunt,

116 2692 152 2764 hi
173 2717 277 2764 unum
298 2693 404 2763 modo
418 2693 512 2789 quale
526 2694 582 2780 stt,
605 2693 811 2790 suspicantur.
842 2695 967 2768 Putant
979 2696 1066 2781 enirn,

117 2800 175 2900 qui
201 2800 336 2873 horride
365 2802 554 2909 inculteque
580 2806 686 2890 dicat,
709 2803 822 2875 modo
843 2803 883 2876 id
914 2807 1064 2905 eleganter

67 2937 100 2989 29
119 2912 353 3007 enucleateque
376 2911 495 3004 faciat,
514 2941 594 2988 ,eum
614 2916 720 2989 solum
743 2913 851 2987 Attice
873 2917 995 2991 dicere.
1018 2921 1064 2989 Er·

102 3045 209 3125 rant,
227 3022 321 3121 quod
333 3019 461 3115 solum,
476 3027 568 3122 quod
589 3027 717 3121 Attice,
726 3050 795 3096 non
812 3023 981 3120 falluntur.
1003 3026 1065 3101 Illo

39 3151 41 3156 ’
118 3158 195 3206 rum
217 3125 455 3206 enimiudicio
490 3133 514 3204 sr
544 3133 648 3206 solum
675 3134 755 3206 illud
778 3132 824 3205 est
850 3136 1015 3229 Atticum,
1032 3159 1065 3207 ne

22 3336 24 3341 γ
74 3285 76 3289 «
119 3241 259 3314 Pericles
280 3242 413 3340 quidem
432 3241 516 3317 dixit
539 3243 664 3334 Attice,
688 3242 740 3316 cui
760 3241 886 3337 primae
908 3244 977 3318 srne
996 3268 1064 3319 con·
1092 3266 1095 3271 ·

118 3351 280 3424 troversia
306 3353 547 3450 deferebantur.
572 3355 630 3453 qui
657 3353 682 3425 sr
708 3351 800 3425 tenui
823 3377 946 3449 genere
967 3373 1065 3447 ptere-

3 3542 6 3547 ,
114 3479 191 3553 tur,
205 3487 370 3560 nunquam
386 3467 427 3538 ab
440 3466 657 3563 Aristophane
674 3483 797 3561 poeta,
815 3465 998 3566 fidgurare,
1018 3485 1066 3538 to·

116 3601 217 3666 nare,
235 3575 429 3673 permiscere
442 3581 637 3673 Graeciam,
650 3579 754 3651 didus
772 3576 861 3652 ellet.
886 3581 993 3654 Dicat
1012 3578 1065 3678 igi·

116 3701 172 3758 tut
198 3687 308 3791 Attice
331 3687 570 3764 venustissimus
591 3692 645 3764 ille
671 3689 812 3787 scriptor
845 3715 887 3762 ac
924 3690 1064 3791 politiffi·

116 3815 190 3869 mus
221 3795 344 3894 Lysias.
368 3797 443 3898 quis
464 3800 554 3901 enim
576 3801 612 3874 id
633 3798 734 3900 possit
751 3800 895 3900 negare?
931 3801 1074 3882 dunin
