<?xml version="1.0" encoding="UTF-8"?>
<!DOCTYPE html PUBLIC "-//W3C//DTD XHTML 1.0 Transitional//EN"
    "http://www.w3.org/TR/xhtml1/DTD/xhtml1-transitional.dtd">
<html xmlns="http://www.w3.org/1999/xhtml" xml:lang="en" lang="en">
 <head>
  <title>
</title>
<meta http-equiv="Content-Type" content="text/html;charset=utf-8" />
  <meta name='ocr-system' content='tesseract 3.04.00' />
  <meta name='ocr-capabilities' content='ocr_page ocr_carea ocr_par ocr_line ocrx_word'/>
</head>
<body>
  <div class='ocr_page' id='page_1' title='image "./mtulliiciceroni00plutgoog_0298.png"; bbox 0 0 2302 4304; ppageno 0'>
   <div class='ocr_carea' id='block_1_1' title="bbox 312 302 1027 404">
    <p class='ocr_par' dir='ltr' id='par_1_1' title="bbox 312 302 1027 404">
     <span class='ocr_line' id='line_1_1' title="bbox 312 302 1027 404; baseline 0.001 -28"><span class='ocrx_word' id='word_1_1' title='bbox 312 304 705 393; x_wconf 45' lang='lat' dir='ltr'>„BRUTUs</span> <span class='ocrx_word' id='word_1_2' title='bbox 948 302 1027 404; x_wconf 82' lang='lat'>¹297</span> 
     </span>
    </p>
   </div>
   <div class='ocr_carea' id='block_1_2' title="bbox 60 448 1116 3446">
    <p class='ocr_par' dir='ltr' id='par_1_2' title="bbox 60 448 1116 3446">
     <span class='ocr_line' id='line_1_2' title="bbox 63 448 1029 563; baseline 0.001 -24"><span class='ocrx_word' id='word_1_3' title='bbox 63 465 145 539; x_wconf 88' lang='lat' dir='ltr'>cule</span> <span class='ocrx_word' id='word_1_4' title='bbox 160 519 174 553; x_wconf 93' lang='lat'><em>,</em></span> <span class='ocrx_word' id='word_1_5' title='bbox 190 462 318 563; x_wconf 86' lang='lat' dir='ltr'>inquit,</span> <span class='ocrx_word' id='word_1_6' title='bbox 331 461 392 536; x_wconf 89' lang='lat' dir='ltr'>tibi</span> <span class='ocrx_word' id='word_1_7' title='bbox 418 448 647 561; x_wconf 65' lang='lat' dir='ltr'>repromittere</span> <span class='ocrx_word' id='word_1_8' title='bbox 672 464 753 537; x_wconf 84' lang='lat' dir='ltr'>istuc</span> <span class='ocrx_word' id='word_1_9' title='bbox 767 465 903 563; x_wconf 80' lang='lat' dir='ltr'>quidem</span> <span class='ocrx_word' id='word_1_10' title='bbox 932 467 1029 540; x_wconf 82' lang='lat' dir='ltr'>ausus</span> 
     </span>
     <span class='ocr_line' id='line_1_3' title="bbox 64 573 1028 676; baseline 0.001 -27"><span class='ocrx_word' id='word_1_11' title='bbox 64 573 141 651; x_wconf 85' lang='lat' dir='ltr'>firn.</span> <span class='ocrx_word' id='word_1_12' title='bbox 163 603 239 651; x_wconf 90' lang='lat' dir='ltr'>nam</span> <span class='ocrx_word' id='word_1_13' title='bbox 274 577 387 664; x_wconf 88' lang='lat' dir='ltr'>hunc,</span> <span class='ocrx_word' id='word_1_14' title='bbox 411 579 468 675; x_wconf 91' lang='lat' dir='ltr'>qui</span> <span class='ocrx_word' id='word_1_15' title='bbox 488 597 621 676; x_wconf 84' lang='lat' dir='ltr'>negat,</span> <span class='ocrx_word' id='word_1_16' title='bbox 649 578 750 651; x_wconf 82' lang='lat' dir='ltr'>video</span> <span class='ocrx_word' id='word_1_17' title='bbox 783 577 1028 675; x_wconf 85' lang='lat' dir='ltr'>flagitatorem,</span> 
     </span>
     <span class='ocr_line' id='line_1_4' title="bbox 65 678 1027 784; baseline 0.002 -26"><span class='ocrx_word' id='word_1_18' title='bbox 65 713 140 759; x_wconf 92' lang='lat' dir='ltr'>non</span> <span class='ocrx_word' id='word_1_19' title='bbox 166 688 259 761; x_wconf 90' lang='lat' dir='ltr'>illum</span> <span class='ocrx_word' id='word_1_20' title='bbox 292 687 426 784; x_wconf 91' lang='lat' dir='ltr'>quidem</span> <span class='ocrx_word' id='word_1_21' title='bbox 472 687 532 758; x_wconf 86' lang='lat' dir='ltr'>tibi</span> <span class='ocrx_word' id='word_1_22' title='bbox 566 678 762 772; x_wconf 87' lang='lat' dir='ltr'>molestum,</span> <span class='ocrx_word' id='word_1_23' title='bbox 787 687 843 760; x_wconf 91' lang='lat' dir='ltr'>sed</span> <span class='ocrx_word' id='word_1_24' title='bbox 869 685 1027 760; x_wconf 85' lang='lat' dir='ltr'>affiduurn</span> 
     </span>
     <span class='ocr_line' id='line_1_5' title="bbox 65 797 1029 894; baseline -0.002 -24"><span class='ocrx_word' id='word_1_25' title='bbox 65 816 209 888; x_wconf 90' lang='lat' dir='ltr'>tamen,</span> <span class='ocrx_word' id='word_1_26' title='bbox 229 817 262 871; x_wconf 89' lang='lat' dir='ltr'>et</span> <span class='ocrx_word' id='word_1_27' title='bbox 294 823 402 872; x_wconf 83' lang='lat' dir='ltr'>acrem</span> <span class='ocrx_word' id='word_1_28' title='bbox 441 798 525 870; x_wconf 88' lang='lat' dir='ltr'>fore.</span> <span class='ocrx_word' id='word_1_29' title='bbox 555 799 644 872; x_wconf 90' lang='lat' dir='ltr'>Tum</span> <span class='ocrx_word' id='word_1_30' title='bbox 686 797 919 894; x_wconf 88' lang='lat' dir='ltr'><strong>Pomponius,</strong></span> <span class='ocrx_word' id='word_1_31' title='bbox 956 800 1029 894; x_wconf 84' lang='lat' dir='ltr'>Ego</span> 
     </span>
     <span class='ocr_line' id='line_1_6' title="bbox 66 907 1030 1010; baseline -0.007 -25"><span class='ocrx_word' id='word_1_32' title='bbox 66 937 181 1003; x_wconf 84' lang='lat' dir='ltr'>vero,</span> <span class='ocrx_word' id='word_1_33' title='bbox 203 911 332 1010; x_wconf 90' lang='lat' dir='ltr'>inquit,</span> <span class='ocrx_word' id='word_1_34' title='bbox 359 915 495 983; x_wconf 84' lang='lat' dir='ltr'>Brutum</span> <span class='ocrx_word' id='word_1_35' title='bbox 522 910 604 983; x_wconf 86' lang='lat' dir='ltr'>nihil</span> <span class='ocrx_word' id='word_1_36' title='bbox 629 910 760 981; x_wconf 87' lang='lat' dir='ltr'>mentiri</span> <span class='ocrx_word' id='word_1_37' title='bbox 783 927 877 1004; x_wconf 87' lang='lat' dir='ltr'>puto.</span> <span class='ocrx_word' id='word_1_38' title='bbox 901 907 1030 979; x_wconf 90' lang='lat' dir='ltr'>Videor</span> 
     </span>
     <span class='ocr_line' id='line_1_7' title="bbox 67 1017 1030 1115; baseline -0.006 -23"><span class='ocrx_word' id='word_1_39' title='bbox 67 1019 159 1092; x_wconf 91' lang='lat' dir='ltr'>enim</span> <span class='ocrx_word' id='word_1_40' title='bbox 178 1020 245 1091; x_wconf 84' lang='lat' dir='ltr'>iarn</span> <span class='ocrx_word' id='word_1_41' title='bbox 267 1037 299 1092; x_wconf 91' lang='lat' dir='ltr'>te</span> <span class='ocrx_word' id='word_1_42' title='bbox 317 1019 449 1091; x_wconf 84' lang='lat' dir='ltr'>ausurus</span> <span class='ocrx_word' id='word_1_43' title='bbox 471 1019 535 1090; x_wconf 81' lang='lat' dir='ltr'>elle</span> <span class='ocrx_word' id='word_1_44' title='bbox 556 1019 717 1115; x_wconf 89' lang='lat' dir='ltr'>appellare</span> <span class='ocrx_word' id='word_1_45' title='bbox 733 1017 914 1115; x_wconf 88' lang='lat' dir='ltr'>:quoniam</span> <span class='ocrx_word' id='word_1_46' title='bbox 926 1017 1030 1114; x_wconf 84' lang='lat' dir='ltr'>longo</span> 
     </span>
     <span class='ocr_line' id='line_1_8' title="bbox 66 1128 1030 1229; baseline -0.009 -21"><span class='ocrx_word' id='word_1_47' title='bbox 66 1128 246 1208; x_wconf 81' lang='lat' dir='ltr'>intervallo</span> <span class='ocrx_word' id='word_1_48' title='bbox 281 1133 387 1205; x_wconf 91' lang='lat' dir='ltr'>modo</span> <span class='ocrx_word' id='word_1_49' title='bbox 420 1133 565 1229; x_wconf 91' lang='lat' dir='ltr'>primum</span> <span class='ocrx_word' id='word_1_50' title='bbox 605 1130 842 1203; x_wconf 81' lang='lat' dir='ltr'>animadverti·</span> <span class='ocrx_word' id='word_1_51' title='bbox 860 1128 961 1225; x_wconf 88' lang='lat' dir='ltr'>paulo</span> <span class='ocrx_word' id='word_1_52' title='bbox 997 1145 1030 1199; x_wconf 88' lang='lat' dir='ltr'>te</span> 
     </span>
     <span class='ocr_line' id='line_1_9' title="bbox 67 1237 1076 1344; baseline 0.004 -33"><span class='ocrx_word' id='word_1_53' title='bbox 67 1239 269 1317; x_wconf 81' lang='lat' dir='ltr'>hilariorem.</span> <span class='ocrx_word' id='word_1_54' title='bbox 292 1249 419 1343; x_wconf 86' lang='lat' dir='ltr'>ltaque,</span> <span class='ocrx_word' id='word_1_55' title='bbox 433 1247 591 1344; x_wconf 85' lang='lat' dir='ltr'>quoniam</span> <span class='ocrx_word' id='word_1_56' title='bbox 606 1246 684 1332; x_wconf 85' lang='lat' dir='ltr'>hic,</span> <span class='ocrx_word' id='word_1_57' title='bbox 702 1245 794 1343; x_wconf 91' lang='lat' dir='ltr'>quod</span> <span class='ocrx_word' id='word_1_58' title='bbox 821 1244 906 1317; x_wconf 87' lang='lat' dir='ltr'>mihi</span> <span class='ocrx_word' id='word_1_59' title='bbox 925 1237 1028 1316; x_wconf 73' lang='lat' dir='ltr'>debe-</span> <span class='ocrx_word' id='word_1_60' title='bbox 1046 1262 1076 1315; x_wconf 80' lang='lat'>¹9</span> 
     </span>
     <span class='ocr_line' id='line_1_10' title="bbox 66 1353 1029 1453; baseline 0.006 -34"><span class='ocrx_word' id='word_1_61' title='bbox 66 1367 183 1438; x_wconf 91' lang='lat' dir='ltr'>retur,</span> <span class='ocrx_word' id='word_1_62' title='bbox 204 1353 236 1425; x_wconf 82' lang='lat' dir='ltr'>se</span> <span class='ocrx_word' id='word_1_63' title='bbox 261 1357 457 1429; x_wconf 72' lang='lat' dir='ltr'>exatlurum</span> <span class='ocrx_word' id='word_1_64' title='bbox 472 1356 635 1453; x_wconf 82' lang='lat' dir='ltr'>profetlus</span> <span class='ocrx_word' id='word_1_65' title='bbox 653 1355 724 1441; x_wconf 82' lang='lat' dir='ltr'>est3</span> <span class='ocrx_word' id='word_1_66' title='bbox 748 1356 841 1452; x_wconf 85' lang='lat' dir='ltr'>quod</span> <span class='ocrx_word' id='word_1_67' title='bbox 863 1355 941 1426; x_wconf 92' lang='lat' dir='ltr'>huic</span> <span class='ocrx_word' id='word_1_68' title='bbox 967 1356 1029 1425; x_wconf 88' lang='lat' dir='ltr'>de-</span> 
     </span>
     <span class='ocr_line' id='line_1_11' title="bbox 68 1460 1028 1563; baseline 0.003 -30"><span class='ocrx_word' id='word_1_69' title='bbox 68 1460 148 1552; x_wconf 86' lang='lat' dir='ltr'>bes,</span> <span class='ocrx_word' id='word_1_70' title='bbox 171 1489 236 1562; x_wconf 86' lang='lat' dir='ltr'>ego</span> <span class='ocrx_word' id='word_1_71' title='bbox 254 1489 320 1557; x_wconf 85' lang='lat' dir='ltr'>ate</span> <span class='ocrx_word' id='word_1_72' title='bbox 337 1484 427 1561; x_wconf 90' lang='lat' dir='ltr'>peto.</span> <span class='ocrx_word' id='word_1_73' title='bbox 455 1468 626 1558; x_wconf 84' lang='lat' dir='ltr'>Quidnam</span> <span class='ocrx_word' id='word_1_74' title='bbox 640 1467 674 1538; x_wconf 93' lang='lat' dir='ltr'>id</span> <span class='ocrx_word' id='word_1_75' title='bbox 686 1467 700 1540; x_wconf 71' lang='lat' dir='ltr'>l</span> <span class='ocrx_word' id='word_1_76' title='bbox 714 1466 858 1563; x_wconf 87' lang='lat' dir='ltr'>inquam.</span> <span class='ocrx_word' id='word_1_77' title='bbox 876 1469 924 1538; x_wconf 93' lang='lat' dir='ltr'>Ut</span> <span class='ocrx_word' id='word_1_78' title='bbox 944 1463 1028 1536; x_wconf 89' lang='lat' dir='ltr'>scri-</span> 
     </span>
     <span class='ocr_line' id='line_1_12' title="bbox 67 1567 1104 1673; baseline 0.007 -34"><span class='ocrx_word' id='word_1_79' title='bbox 67 1567 125 1641; x_wconf 84' lang='lat' dir='ltr'>bas</span> <span class='ocrx_word' id='word_1_80' title='bbox 136 1625 150 1659; x_wconf 93' lang='lat'><em>,</em></span> <span class='ocrx_word' id='word_1_81' title='bbox 163 1572 290 1669; x_wconf 92' lang='lat' dir='ltr'>inquit,</span> <span class='ocrx_word' id='word_1_82' title='bbox 311 1575 446 1671; x_wconf 89' lang='lat' dir='ltr'>aliquid.</span> <span class='ocrx_word' id='word_1_83' title='bbox 466 1576 661 1673; x_wconf 84' lang='lat' dir='ltr'>iampridem</span> <span class='ocrx_word' id='word_1_84' title='bbox 686 1577 774 1647; x_wconf 91' lang='lat' dir='ltr'>enim</span> <span class='ocrx_word' id='word_1_85' title='bbox 796 1575 1029 1647; x_wconf 80' lang='lat' dir='ltr'>conticuerunt</span> <span class='ocrx_word' id='word_1_86' title='bbox 1100 1600 1104 1608; x_wconf 86' lang='lat'><strong>·</strong></span> 
     </span>
     <span class='ocr_line' id='line_1_13' title="bbox 64 1679 1028 1782; baseline 0.006 -33"><span class='ocrx_word' id='word_1_87' title='bbox 64 1699 139 1750; x_wconf 85' lang='lat' dir='ltr'>tuae</span> <span class='ocrx_word' id='word_1_88' title='bbox 163 1679 283 1754; x_wconf 88' lang='lat' dir='ltr'>literae.</span> <span class='ocrx_word' id='word_1_89' title='bbox 304 1685 390 1756; x_wconf 89' lang='lat' dir='ltr'>Nam</span> <span class='ocrx_word' id='word_1_90' title='bbox 413 1709 450 1758; x_wconf 89' lang='lat' dir='ltr'>ut</span> <span class='ocrx_word' id='word_1_91' title='bbox 476 1685 551 1760; x_wconf 88' lang='lat' dir='ltr'>illos</span> <span class='ocrx_word' id='word_1_92' title='bbox 574 1687 614 1758; x_wconf 93' lang='lat' dir='ltr'>de</span> <span class='ocrx_word' id='word_1_93' title='bbox 640 1686 809 1782; x_wconf 87' lang='lat' dir='ltr'>republica</span> <span class='ocrx_word' id='word_1_94' title='bbox 836 1685 938 1757; x_wconf 90' lang='lat' dir='ltr'>libros</span> <span class='ocrx_word' id='word_1_95' title='bbox 956 1685 1028 1757; x_wconf 84' lang='lat' dir='ltr'>edi-</span> 
     </span>
     <span class='ocr_line' id='line_1_14' title="bbox 64 1789 1029 1894; baseline 0.011 -36"><span class='ocrx_word' id='word_1_96' title='bbox 64 1789 165 1877; x_wconf 88' lang='lat' dir='ltr'>disti,</span> <span class='ocrx_word' id='word_1_97' title='bbox 189 1792 269 1865; x_wconf 86' lang='lat' dir='ltr'>nihil</span> <span class='ocrx_word' id='word_1_98' title='bbox 300 1820 319 1864; x_wconf 96' lang='lat' dir='ltr'>a</span> <span class='ocrx_word' id='word_1_99' title='bbox 354 1819 386 1868; x_wconf 90' lang='lat' dir='ltr'>te</span> <span class='ocrx_word' id='word_1_100' title='bbox 417 1796 492 1870; x_wconf 87' lang='lat' dir='ltr'>sane</span> <span class='ocrx_word' id='word_1_101' title='bbox 521 1794 632 1894; x_wconf 84' lang='lat' dir='ltr'>postea</span> <span class='ocrx_word' id='word_1_102' title='bbox 663 1797 848 1894; x_wconf 82' lang='lat' dir='ltr'>accepimus</span> <span class='ocrx_word' id='word_1_103' title='bbox 878 1821 890 1881; x_wconf 92' lang='lat'>;</span> <span class='ocrx_word' id='word_1_104' title='bbox 918 1796 1029 1894; x_wconf 85' lang='lat' dir='ltr'>eisque</span> 
     </span>
     <span class='ocr_line' id='line_1_15' title="bbox 63 1903 1055 2003; baseline 0.004 -29"><span class='ocrx_word' id='word_1_105' title='bbox 63 1903 254 2003; x_wconf 80' lang='lat' dir='ltr'>nosmetipsi</span> <span class='ocrx_word' id='word_1_106' title='bbox 280 1907 320 1979; x_wconf 88' lang='lat' dir='ltr'>ad</span> <span class='ocrx_word' id='word_1_107' title='bbox 347 1924 497 1981; x_wconf 86' lang='lat' dir='ltr'>veterum</span> <span class='ocrx_word' id='word_1_108' title='bbox 524 1909 690 1983; x_wconf 87' lang='lat' dir='ltr'>annalium</span> <span class='ocrx_word' id='word_1_109' title='bbox 720 1907 1055 1981; x_wconf 75' lang='lat' dir='ltr'>memoriam-com·‘</span> 
     </span>
     <span class='ocr_line' id='line_1_16' title="bbox 63 2012 1116 2118; baseline 0.004 -35"><span class='ocrx_word' id='word_1_110' title='bbox 63 2012 335 2109; x_wconf 85' lang='lat' dir='ltr'>prehendendam</span> <span class='ocrx_word' id='word_1_111' title='bbox 358 2016 509 2113; x_wconf 80' lang='lat' dir='ltr'>impulsi,</span> <span class='ocrx_word' id='word_1_112' title='bbox 539 2040 636 2118; x_wconf 87' lang='lat' dir='ltr'>atque</span> <span class='ocrx_word' id='word_1_113' title='bbox 667 2015 788 2091; x_wconf 77' lang='lat' dir='ltr'>incensu</span> <span class='ocrx_word' id='word_1_114' title='bbox 820 2017 940 2093; x_wconf 83' lang='lat' dir='ltr'>stunus.</span> <span class='ocrx_word' id='word_1_115' title='bbox 963 2014 1028 2088; x_wconf 87' lang='lat' dir='ltr'>Sed</span> <span class='ocrx_word' id='word_1_116' title='bbox 1107 2018 1116 2029; x_wconf 79' lang='lat'><em>&#39;</em></span> 
     </span>
     <span class='ocr_line' id='line_1_17' title="bbox 62 2124 1075 2230; baseline 0.004 -34"><span class='ocrx_word' id='word_1_117' title='bbox 62 2124 118 2196; x_wconf 85' lang='lat' dir='ltr'>illa</span> <span class='ocrx_word' id='word_1_118' title='bbox 154 2151 231 2198; x_wconf 88' lang='lat' dir='ltr'>curn</span> <span class='ocrx_word' id='word_1_119' title='bbox 253 2128 401 2223; x_wconf 83' lang='lat' dir='ltr'>poteris3</span> <span class='ocrx_word' id='word_1_120' title='bbox 424 2150 522 2227; x_wconf 88' lang='lat' dir='ltr'>atque</span> <span class='ocrx_word' id='word_1_121' title='bbox 537 2154 579 2211; x_wconf 91' lang='lat' dir='ltr'>ut</span> <span class='ocrx_word' id='word_1_122' title='bbox 601 2131 702 2230; x_wconf 80' lang='lat' dir='ltr'>pollis</span> <span class='ocrx_word' id='word_1_123' title='bbox 720 2154 817 2226; x_wconf 84' lang='lat' dir='ltr'>rogo.</span> <span class='ocrx_word' id='word_1_124' title='bbox 845 2131 944 2202; x_wconf 90' lang='lat' dir='ltr'>Nunc</span> <span class='ocrx_word' id='word_1_125' title='bbox 966 2153 1075 2200; x_wconf 70' lang='lat' dir='ltr'>ure-22</span> 
     </span>
     <span class='ocr_line' id='line_1_18' title="bbox 62 2234 1029 2335; baseline 0.003 -31"><span class='ocrx_word' id='word_1_126' title='bbox 62 2255 126 2322; x_wconf 76' lang='grc' dir='ltr'>το,</span> <span class='ocrx_word' id='word_1_127' title='bbox 150 2234 277 2331; x_wconf 88' lang='lat' dir='ltr'>inquit,</span> <span class='ocrx_word' id='word_1_128' title='bbox 296 2235 321 2306; x_wconf 84' lang='lat' dir='ltr'>sl</span> <span class='ocrx_word' id='word_1_129' title='bbox 340 2260 374 2307; x_wconf 86' lang='lat' dir='ltr'>es</span> <span class='ocrx_word' id='word_1_130' title='bbox 391 2237 504 2306; x_wconf 91' lang='lat' dir='ltr'>animo</span> <span class='ocrx_word' id='word_1_131' title='bbox 520 2261 656 2325; x_wconf 88' lang='lat' dir='ltr'>vacuo,</span> <span class='ocrx_word' id='word_1_132' title='bbox 678 2260 809 2332; x_wconf 86' lang='lat' dir='ltr'>expone</span> <span class='ocrx_word' id='word_1_133' title='bbox 826 2239 922 2310; x_wconf 91' lang='lat' dir='ltr'>nobis</span> <span class='ocrx_word' id='word_1_134' title='bbox 935 2238 1029 2335; x_wconf 88' lang='lat' dir='ltr'>quod</span> 
     </span>
     <span class='ocr_line' id='line_1_19' title="bbox 62 2344 1029 2441; baseline 0.008 -29"><span class='ocrx_word' id='word_1_135' title='bbox 62 2344 260 2439; x_wconf 85' lang='lat' dir='ltr'>quaerimus.</span> <span class='ocrx_word' id='word_1_136' title='bbox 289 2345 457 2438; x_wconf 86' lang='lat' dir='ltr'>Quidnam</span> <span class='ocrx_word' id='word_1_137' title='bbox 481 2344 528 2418; x_wconf 92' lang='lat' dir='ltr'>est</span> <span class='ocrx_word' id='word_1_138' title='bbox 554 2347 589 2418; x_wconf 93' lang='lat' dir='ltr'>id</span> <span class='ocrx_word' id='word_1_139' title='bbox 613 2346 627 2417; x_wconf 75' lang='lat' dir='ltr'>l</span> <span class='ocrx_word' id='word_1_140' title='bbox 652 2346 796 2441; x_wconf 88' lang='lat' dir='ltr'>inquam.</span> <span class='ocrx_word' id='word_1_141' title='bbox 821 2349 925 2441; x_wconf 83' lang='lat' dir='ltr'>Quod</span> <span class='ocrx_word' id='word_1_142' title='bbox 946 2347 1029 2420; x_wconf 90' lang='lat' dir='ltr'>mihi</span> 
     </span>
     <span class='ocr_line' id='line_1_20' title="bbox 62 2454 1028 2554; baseline 0.005 -30"><span class='ocrx_word' id='word_1_143' title='bbox 62 2479 171 2551; x_wconf 89' lang='lat' dir='ltr'>nuper</span> <span class='ocrx_word' id='word_1_144' title='bbox 185 2454 220 2524; x_wconf 90' lang='lat' dir='ltr'>in</span> <span class='ocrx_word' id='word_1_145' title='bbox 242 2455 431 2530; x_wconf 77' lang='lat' dir='ltr'>Tusculano</span> <span class='ocrx_word' id='word_1_146' title='bbox 442 2454 604 2526; x_wconf 87' lang='lat' dir='ltr'>inchoasti</span> <span class='ocrx_word' id='word_1_147' title='bbox 616 2455 657 2527; x_wconf 88' lang='lat' dir='ltr'>de</span> <span class='ocrx_word' id='word_1_148' title='bbox 671 2454 878 2544; x_wconf 84' lang='lat' dir='ltr'>oratoribus,</span> <span class='ocrx_word' id='word_1_149' title='bbox 892 2457 1028 2554; x_wconf 92' lang='lat' dir='ltr'>quando</span> 
     </span>
     <span class='ocr_line' id='line_1_21' title="bbox 61 2561 1027 2664; baseline 0.008 -31"><span class='ocrx_word' id='word_1_150' title='bbox 61 2562 130 2635; x_wconf 83' lang='lat' dir='ltr'>effe</span> <span class='ocrx_word' id='word_1_151' title='bbox 145 2561 342 2659; x_wconf 72' lang='lat' dir='ltr'>coepitlent,</span> <span class='ocrx_word' id='word_1_152' title='bbox 360 2561 419 2660; x_wconf 93' lang='lat' dir='ltr'>qui</span> <span class='ocrx_word' id='word_1_153' title='bbox 445 2561 566 2651; x_wconf 87' lang='lat' dir='ltr'>etiam,</span> <span class='ocrx_word' id='word_1_154' title='bbox 585 2580 618 2633; x_wconf 89' lang='lat' dir='ltr'>et</span> <span class='ocrx_word' id='word_1_155' title='bbox 642 2561 750 2660; x_wconf 83' lang='lat' dir='ltr'>quales</span> <span class='ocrx_word' id='word_1_156' title='bbox 768 2562 907 2638; x_wconf 73' lang='lat' dir='ltr'>fiunem.</span> <span class='ocrx_word' id='word_1_157' title='bbox 926 2590 1027 2664; x_wconf 79' lang='lat' dir='ltr'>quent</span> 
     </span>
     <span class='ocr_line' id='line_1_22' title="bbox 61 2672 1027 2769; baseline 0.008 -26"><span class='ocrx_word' id='word_1_158' title='bbox 61 2696 127 2769; x_wconf 83' lang='lat' dir='ltr'>ego</span> <span class='ocrx_word' id='word_1_159' title='bbox 153 2674 338 2746; x_wconf 85' lang='lat' dir='ltr'>sermonem</span> <span class='ocrx_word' id='word_1_160' title='bbox 360 2672 494 2746; x_wconf 87' lang='lat' dir='ltr'>eumad</span> <span class='ocrx_word' id='word_1_161' title='bbox 515 2673 650 2745; x_wconf 85' lang='lat' dir='ltr'>Brutum</span> <span class='ocrx_word' id='word_1_162' title='bbox 670 2688 786 2761; x_wconf 88' lang='lat' dir='ltr'>tuum,</span> <span class='ocrx_word' id='word_1_163' title='bbox 809 2673 866 2765; x_wconf 82' lang='lat' dir='ltr'>vel</span> <span class='ocrx_word' id='word_1_164' title='bbox 880 2674 1027 2751; x_wconf 85' lang='lat' dir='ltr'>nostrum</span> 
     </span>
     <span class='ocr_line' id='line_1_23' title="bbox 60 2784 1027 2883; baseline 0.005 -28"><span class='ocrx_word' id='word_1_165' title='bbox 60 2784 203 2881; x_wconf 70' lang='lat' dir='ltr'>potius„</span> <span class='ocrx_word' id='word_1_166' title='bbox 227 2786 435 2875; x_wconf 83' lang='lat' dir='ltr'>de&#39;tuliffem‚</span> <span class='ocrx_word' id='word_1_167' title='bbox 453 2809 657 2883; x_wconf 82' lang='lat' dir='ltr'>magnopere</span> <span class='ocrx_word' id='word_1_168' title='bbox 682 2784 738 2858; x_wconf 93' lang='lat' dir='ltr'>hic</span> <span class='ocrx_word' id='word_1_169' title='bbox 756 2785 867 2862; x_wconf 77' lang='lat' dir='ltr'>audire</span> <span class='ocrx_word' id='word_1_170' title='bbox 889 2785 922 2858; x_wconf 92' lang='lat' dir='ltr'>se</span> <span class='ocrx_word' id='word_1_171' title='bbox 940 2789 1027 2860; x_wconf 87' lang='lat' dir='ltr'>velle</span> 
     </span>
     <span class='ocr_line' id='line_1_24' title="bbox 62 2895 1109 2996; baseline 0.005 -29"><span class='ocrx_word' id='word_1_172' title='bbox 62 2895 159 2972; x_wconf 84' lang='lat' dir='ltr'>dixit.</span> <span class='ocrx_word' id='word_1_173' title='bbox 192 2899 306 2994; x_wconf 84' lang='lat' dir='ltr'>ltaque</span> <span class='ocrx_word' id='word_1_174' title='bbox 321 2909 325 2920; x_wconf 84' lang='lat'>&#39;</span> <span class='ocrx_word' id='word_1_175' title='bbox 339 2896 428 2967; x_wconf 93' lang='lat' dir='ltr'>hunc</span> <span class='ocrx_word' id='word_1_176' title='bbox 454 2896 610 2996; x_wconf 83' lang='lat' dir='ltr'>elegimus</span> <span class='ocrx_word' id='word_1_177' title='bbox 634 2897 743 2985; x_wconf 88' lang='lat' dir='ltr'>diem,</span> <span class='ocrx_word' id='word_1_178' title='bbox 763 2923 839 2970; x_wconf 84' lang='lat' dir='ltr'>eum</span> <span class='ocrx_word' id='word_1_179' title='bbox 860 2915 893 2969; x_wconf 85' lang='lat' dir='ltr'>te</span> <span class='ocrx_word' id='word_1_180' title='bbox 926 2899 1026 2972; x_wconf 85' lang='lat' dir='ltr'>scire-</span> <span class='ocrx_word' id='word_1_181' title='bbox 1105 2899 1109 2908; x_wconf 85' lang='grc'><strong>’</strong></span> 
     </span>
     <span class='ocr_line' id='line_1_25' title="bbox 63 3003 1028 3098; baseline 0.006 -24"><span class='ocrx_word' id='word_1_182' title='bbox 63 3028 137 3076; x_wconf 84' lang='lat' dir='ltr'>mus</span> <span class='ocrx_word' id='word_1_183' title='bbox 162 3003 229 3076; x_wconf 83' lang='lat' dir='ltr'>esse</span> <span class='ocrx_word' id='word_1_184' title='bbox 253 3028 409 3076; x_wconf 84' lang='lat' dir='ltr'>vacuum.</span> <span class='ocrx_word' id='word_1_185' title='bbox 432 3006 572 3095; x_wconf 85' lang='lat' dir='ltr'>Quare,</span> <span class='ocrx_word' id='word_1_186' title='bbox 591 3004 615 3076; x_wconf 90' lang='lat' dir='ltr'>s1</span> <span class='ocrx_word' id='word_1_187' title='bbox 635 3006 695 3078; x_wconf 89' lang='lat' dir='ltr'>tibi</span> <span class='ocrx_word' id='word_1_188' title='bbox 714 3007 761 3078; x_wconf 91' lang='lat' dir='ltr'>est</span> <span class='ocrx_word' id='word_1_189' title='bbox 774 3003 1003 3082; x_wconf 73' lang='lat' dir='ltr'>&#39;commodum</span> <span class='ocrx_word' id='word_1_190' title='bbox 1013 3064 1028 3098; x_wconf 94' lang='lat'><strong><em>,</em></strong></span> 
     </span>
     <span class='ocr_line' id='line_1_26' title="bbox 62 3113 1069 3221; baseline 0.004 -36"><span class='ocrx_word' id='word_1_191' title='bbox 62 3115 124 3185; x_wconf 88' lang='lat' dir='ltr'>ede</span> <span class='ocrx_word' id='word_1_192' title='bbox 149 3113 224 3201; x_wconf 88' lang='lat' dir='ltr'>illa,</span> <span class='ocrx_word' id='word_1_193' title='bbox 247 3138 332 3211; x_wconf 88' lang='lat' dir='ltr'>quae</span> <span class='ocrx_word' id='word_1_194' title='bbox 362 3136 552 3210; x_wconf 62' lang='lat' dir='ltr'>coeperas,</span> <span class='ocrx_word' id='word_1_195' title='bbox 567 3136 601 3188; x_wconf 76' lang='lat' dir='ltr'>ot</span> <span class='ocrx_word' id='word_1_196' title='bbox 629 3119 758 3206; x_wconf 79' lang='lat' dir='ltr'>Bruto,¹</span> <span class='ocrx_word' id='word_1_197' title='bbox 782 3139 816 3192; x_wconf 89' lang='lat' dir='ltr'>et</span> <span class='ocrx_word' id='word_1_198' title='bbox 834 3122 925 3193; x_wconf 89' lang='lat' dir='ltr'>mihi.</span> <span class='ocrx_word' id='word_1_199' title='bbox 954 3127 1025 3221; x_wconf 85' lang='lat' dir='ltr'>Ego</span> <span class='ocrx_word' id='word_1_200' title='bbox 1039 3153 1069 3190; x_wconf 90' lang='lat'>21</span> 
     </span>
     <span class='ocr_line' id='line_1_27' title="bbox 62 3225 1027 3324; baseline 0.006 -24"><span class='ocrx_word' id='word_1_201' title='bbox 62 3252 172 3312; x_wconf 86' lang='lat' dir='ltr'>vero,</span> <span class='ocrx_word' id='word_1_202' title='bbox 194 3225 347 3324; x_wconf 87' lang='lat' dir='ltr'>inquam,</span> <span class='ocrx_word' id='word_1_203' title='bbox 366 3226 389 3296; x_wconf 81' lang='lat' dir='ltr'>si</span> <span class='ocrx_word' id='word_1_204' title='bbox 410 3244 578 3323; x_wconf 86' lang='lat' dir='ltr'>potuero;</span> <span class='ocrx_word' id='word_1_205' title='bbox 606 3226 726 3300; x_wconf 84' lang='lat' dir='ltr'>faciam</span> <span class='ocrx_word' id='word_1_206' title='bbox 743 3231 842 3303; x_wconf 75' lang='lat' dir='ltr'>vobis</span> <span class='ocrx_word' id='word_1_207' title='bbox 855 3230 936 3304; x_wconf 74' lang='lat' dir='ltr'>satis,</span> <span class='ocrx_word' id='word_1_208' title='bbox 957 3237 1027 3305; x_wconf 90' lang='lat' dir='ltr'>Po-</span> 
     </span>
     <span class='ocr_line' id='line_1_28' title="bbox 61 3335 1071 3446; baseline 0.013 -40"><span class='ocrx_word' id='word_1_209' title='bbox 61 3337 166 3426; x_wconf 86' lang='lat' dir='ltr'>teris,</span> <span class='ocrx_word' id='word_1_210' title='bbox 191 3335 322 3433; x_wconf 89' lang='lat' dir='ltr'>inquit:</span> <span class='ocrx_word' id='word_1_211' title='bbox 337 3337 442 3409; x_wconf 84' lang='lat' dir='ltr'>relaxa</span> <span class='ocrx_word' id='word_1_212' title='bbox 477 3338 584 3411; x_wconf 91' lang='lat' dir='ltr'>modo</span> <span class='ocrx_word' id='word_1_213' title='bbox 611 3339 745 3437; x_wconf 86' lang='lat' dir='ltr'>paulurn</span> <span class='ocrx_word' id='word_1_214' title='bbox 785 3341 953 3435; x_wconf 86' lang='lat' dir='ltr'>animum,</span> <span class='ocrx_word' id='word_1_215' title='bbox 971 3362 1026 3418; x_wconf 91' lang='lat' dir='ltr'>aut</span> <span class='ocrx_word' id='word_1_216' title='bbox 1045 3435 1049 3446; x_wconf 17' lang='grc' dir='ltr'>δ</span> <span class='ocrx_word' id='word_1_217' title='bbox 1068 3372 1071 3378; x_wconf 75' lang='grc'><strong>’</strong></span> 
     </span>
    </p>
   </div>
   <div class='ocr_carea' id='block_1_3' title="bbox 62 3440 519 3545">
    <p class='ocr_par' dir='ltr' id='par_1_3' title="bbox 62 3440 519 3545">
     <span class='ocr_line' id='line_1_29' title="bbox 62 3440 519 3545; baseline 0.015 -32"><span class='ocrx_word' id='word_1_218' title='bbox 62 3441 138 3513; x_wconf 86' lang='lat' dir='ltr'>sane</span> <span class='ocrx_word' id='word_1_219' title='bbox 165 3440 224 3540; x_wconf 87' lang='lat' dir='ltr'>(sr</span> <span class='ocrx_word' id='word_1_220' title='bbox 248 3465 344 3541; x_wconf 90' lang='lat' dir='ltr'>potes</span> <span class='ocrx_word' id='word_1_221' title='bbox 368 3444 384 3545; x_wconf 89' lang='lat'>)</span> <span class='ocrx_word' id='word_1_222' title='bbox 408 3445 519 3521; x_wconf 82' lang='lat' dir='ltr'>libera.-</span> 
     </span>
    </p>
   </div>
   <div class='ocr_carea' id='block_1_4' title="bbox 62 3544 1109 3886">
    <p class='ocr_par' dir='ltr' id='par_1_4' title="bbox 62 3544 1109 3886">
     <span class='ocr_line' id='line_1_30' title="bbox 110 3544 1026 3658; baseline 0.01 -32"><span class='ocrx_word' id='word_1_223' title='bbox 110 3555 244 3652; x_wconf 87' lang='lat' dir='ltr'>Nempe</span> <span class='ocrx_word' id='word_1_224' title='bbox 264 3557 364 3654; x_wconf 86' lang='lat' dir='ltr'>igitur</span> <span class='ocrx_word' id='word_1_225' title='bbox 387 3544 472 3630; x_wconf 71' lang='lat' dir='ltr'>hine</span> <span class='ocrx_word' id='word_1_226' title='bbox 505 3578 597 3647; x_wconf 88' lang='lat' dir='ltr'>tum,</span> <span class='ocrx_word' id='word_1_227' title='bbox 619 3561 786 3658; x_wconf 85' lang='lat' dir='ltr'>Pomponi</span> <span class='ocrx_word' id='word_1_228' title='bbox 797 3562 816 3652; x_wconf 43' lang='lat'>‚⁴</span> <span class='ocrx_word' id='word_1_229' title='bbox 836 3565 952 3636; x_wconf 73' lang='lat' dir='ltr'>dudus</span> <span class='ocrx_word' id='word_1_230' title='bbox 978 3561 1026 3635; x_wconf 89' lang='lat' dir='ltr'>est</span> 
     </span>
     <span class='ocr_line' id='line_1_31' title="bbox 62 3667 1109 3779; baseline 0.01 -41"><span class='ocrx_word' id='word_1_231' title='bbox 62 3667 199 3754; x_wconf 88' lang='lat' dir='ltr'>sermo,</span> <span class='ocrx_word' id='word_1_232' title='bbox 231 3670 324 3766; x_wconf 92' lang='lat' dir='ltr'>quod</span> <span class='ocrx_word' id='word_1_233' title='bbox 353 3689 464 3761; x_wconf 83' lang='lat' dir='ltr'>erata</span> <span class='ocrx_word' id='word_1_234' title='bbox 500 3695 555 3742; x_wconf 87' lang='lat' dir='ltr'>me</span> <span class='ocrx_word' id='word_1_235' title='bbox 592 3671 733 3743; x_wconf 87' lang='lat' dir='ltr'>mentio·</span> <span class='ocrx_word' id='word_1_236' title='bbox 758 3672 867 3761; x_wconf 75' lang='lat' dir='ltr'>fana,</span> <span class='ocrx_word' id='word_1_237' title='bbox 895 3670 1024 3747; x_wconf 89' lang='lat' dir='ltr'>causam</span> <span class='ocrx_word' id='word_1_238' title='bbox 1075 3717 1109 3779; x_wconf 75' lang='lat'>&#39;.</span> 
     </span>
     <span class='ocr_line' id='line_1_32' title="bbox 63 3777 1102 3886; baseline 0.009 -32"><span class='ocrx_word' id='word_1_239' title='bbox 63 3777 245 3873; x_wconf 78' lang='lat' dir='ltr'>Deiotari,</span> <span class='ocrx_word' id='word_1_240' title='bbox 267 3780 442 3862; x_wconf 72' lang='lat' dir='ltr'>fidelissimi</span> <span class='ocrx_word' id='word_1_241' title='bbox 480 3804 578 3885; x_wconf 86' lang='lat' dir='ltr'>atque</span> <span class='ocrx_word' id='word_1_242' title='bbox 612 3786 732 3885; x_wconf 90' lang='lat' dir='ltr'>optimi</span> <span class='ocrx_word' id='word_1_243' title='bbox 760 3783 864 3886; x_wconf 67' lang='lat' dir='ltr'>regis,</span> <span class='ocrx_word' id='word_1_244' title='bbox 883 3785 1023 3862; x_wconf 82' lang='lat' dir='ltr'>ornatis-</span> <span class='ocrx_word' id='word_1_245' title='bbox 1068 3819 1069 3823; x_wconf 45' lang='lat'><em>*</em></span> <span class='ocrx_word' id='word_1_246' title='bbox 1100 3808 1102 3813; x_wconf 78' lang='grc'>’</span> 
     </span>
    </p>
   </div>
   <div class='ocr_carea' id='block_1_5' title="bbox 0 0 1156 4304">
    <p class='ocr_par' dir='ltr' id='par_1_5' title="bbox 0 0 1156 4304">
     <span class='ocr_line' id='line_1_33' title="bbox 0 0 1156 4304; baseline 0 0"><span class='ocrx_word' id='word_1_247' title='bbox 0 0 1156 4304; x_wconf 95' lang='lat' dir='ltr'> </span> 
     </span>
    </p>
   </div>
  </div>
 </body>
</html>
