2302 4304
61 298 213 401 ss&
473 292 783 369 BRUTU&

748 414 755 443 l
1078 432 1081 439 .

96 489 126 539 50
143 461 329 550 Graeciae,
354 460 409 532 sed
435 456 611 556 proprium
638 450 853 529 Athenarum.
900 449 991 544 Quis
1011 448 1103 523 eninr

141 588 196 642 aut
231 570 397 666 Argivum
431 589 622 658 oratorem,
663 589 718 638 aut
755 561 1000 654 Corinthium,
1039 567 1100 634 'aut

140 683 349 755 Thebanum·
363 680 422 754 scit
452 678 546 753 fuisse
570 677 775 777 temporibus
801 673 893 746 illis?
933 672 996 745 nist
1019 672 1098 771 quid

141 790 183 862 de
209 789 457 886 Epaminonda,
491 789 593 861 doslo
623 787 779 877 homine,
817 783 973 881 suspicari
1008 784 1096 857 libet.

123 901 436 976 Lacedaemonium
460 924 545 974 vero
570 897 673 997 usque
705 897 747 969 ad
768 898 836 989 boe
856 916 1010 995 tempus,
1044 922 1097 968 au·

47 1031 53 1045 ·
141 1006 1093 1103 ὥΜΜΜΜΜΜμΜΜΜΜΜΜΑΜΜ

140 1122 390 1218 illumquidem
416 1120 516 1192 tradit
549 1121 738 1207 Homerus,
773 1115 829 1190 sed
855 1142 961 1214 pauca
988 1119 1091 1190 dicen·

139 1251 218 1301 tem.
267 1229 416 1301 Brevitas
435 1244 565 1313 autem,
589 1228 657 1299 laus
677 1224 724 1298 ell
743 1225 964 1323 interdurnin
990 1226 1091 1326 aliqua

31 1422 33 1427 ,
140 1355 231 1432 parte
245 1337 396 1424 dicendi,
429 1337 465 1406 in
493 1336 646 1433 uniuersa
665 1332 854 1432 eloquentia
875 1334 1007 1407 laudem
1028 1359 1089 1405 non

82 1476 121 1543 1,ει
140 1448 249 1519 habet.
295 1448 341 1518 At
372 1463 458 1519 vero
489 1467 584 1518 extra
612 1445 789 1517 Graeciam
816 1469 938 1542 magna
967 1444 1088 1518 dicendi

138 1557 240 1630 studia
262 1557 411 1645 fuerunt,
432 1555 634 1654 maximique
653 1554 732 1627 huic
750 1555 838 1628 laudi
864 1555 970 1628 habiti
990 1555 1088 1627 bono-

139 1669 1085 1759 ΜΜΜΜΜΜΜΜηΜΜΜΜΜΜῐ.ΜΜ

138 1801 175 1853 ut
203 1781 344 1882 semele
365 1778 508 1853 Piraeeo
535 1780 725 1879 eloquentia
749 1779 867 1852 evesla
889 1777 957 1865 est,
982 1802 1086 1850 omnes

137 1867 327 1991 peragravit
347 1876 485 1982 insulas,
508 1904 606 1989 atqu'e
625 1891 672 1964 ita
697 1890 902 1988 peregrinata
925 1910 998 1964 tota
1023 1891 1085 1962 llsn

60 2007 63 2013 '
123 2000 204 2090 est,
228 2018 265 2072 ut
284 1999 317 2071 se
336 2000 478 2073 externis
497 1999 662 2074 oblineret
686 2001 856 2086 moribus,
892 2023 1084 2096 omnemque

136 2109 226 2184 illam
240 2110 461 2188 salubritatem
476 2110 603 2182 Atticae
621 2085 795 2198 distionis,
821 2129 855 2181 et
877 2110 968 2215 quast
981 2110 1084 2182 sanita·

50 2199 1083 2317 ’ῐΜρΜΜῃΜΜΜρΜεΜΜΜῐΗΜ

137 2329 272 2404 Asiatici
289 2354 439 2404 oratores
459 2352 529 2401 non
543 2331 777 2402 contemnendi
794 2328 933 2426 quidem
956 2355 1017 2403 nec
1039 2356 1083 2403 ce·

62 2438 1084 2535 dfflmwffifflmwmmb

18 2564 35 2605 ·.
137 2545 363 2618 redundantes.
412 2547 537 2644 Rhodii
562 2546 726 2638 saniores,
751 2564 784 2618 et
804 2548 994 2623 Atticorum
1008 2550 1085 2621 fimi·

92 2677 122 2728 52
138 2649 245 2724 liores.
295 2651 359 2721 Sed
381 2652 422 2722 de
440 2653 581 2723 ,Graecis
607 2652 770 2733 hastenus.
789 2653 912 2726 etenim
932 2656 1013 2729 haec
1026 2656 1085 2753 ipsa

119 2755 274 2827 ,forsitan
298 2753 419 2831 fuerint
442 2784 513 2830 non
530 2758 715 2833 necessaria.
903 2840 905 2844 ,
1119 2748 1125 2765 ’

185 2867 274 2937 Tum
297 2867 437 2964 Brutus,
457 2867 518 2940 Ista
540 2895 645 2957 vero,
670 2870 800 2971 inquit,
823 2897 922 2970 quam
948 2875 1086 2950 necessa·-

136 2975 184 3048 ria
197 2977 336 3068 fuerint,
361 3003 431 3050 non
443 2978 539 3050 facile
558 2981 721 3056 dixerim:
745 2985 887 3054 iucunda
906 3005 997 3058 certe
1010 2988 1086 3060 mihi

137 3085 291 3179 fuerunt,
322 3113 430 3185 neque
449 3087 555 3160 solum
579 3116 648 3162 non
669 3092 785 3190 longa,
815 3092 871 3166 sed
894 3088 998 3168 etiarn*
1019 3101 1084 3171 bre·

136 3195 258 3286 viora,
287 3223 386 3296 quant
410 3198 537 3272 vellein.
579 3203 747 3298 Optime,
772 3204 929 3300 inquam:
955 3206 1013 3280 sed
1034 3235 1088 3284 ve*

135 3306 262 3378 niamus
283 3309 324 3378 ad
337 3307 493 3399 nostros,
524 3311 564 3382 de
586 3311 704 3408 quibus
726 3312 857 3384 difficile
879 3313 927 3385 est
950 3316 1024 3412 plus
1041 3312 1085 3388 in-

19 3420 22 3426 ’
133 3414 296 3513 telligere,
330 3443 427 3515 quam
449 3442 606 3519 quanttnn
629 3447 672 3493 ex
690 3423 914 3495 monumentis
937 3422 1087 3520 suspicari

74 3529 220 3625 mmm.
280 3531 1086 3657 ΜΜΜΜΡΜΗΜΜΜΜΜΗΜΜ

87 3656 123 3708 ss
133 3641 169 3711 L.
182 3639 286 3710 Bruto
304 3637 374 3729 illi,
400 3640 579 3714 nobilitatis
596 3641 722 3716 vestrae
735 3642 898 3740 principi,
926 3643 1085 3718 desuiffe?

133 3746 190 3842 qui
215 3748 255 3822 de
280 3766 384 3824 matre
407 3747 585 3828 suavianda
608 3776 649 3825 ex
676 3751 813 3828 oraculo
835 3753 1002 3849 Apollinis
1024 3773 1087 3831 tan

63 3946 102 4024 l<
