2302 4304
1008 261 1061 320 11

390 279 703 388 BRUTUS'
949 342 1025 418 405,

61 467 126 571 per
137 474 184 548 est
193 475 293 563 usUS,
317 474 403 549 ab
375 500 421 579 ers
439 474 600 565 miseriis,
623 500 707 574 quae
724 462 914 552 consecutae
932 478 1055 610 sunt,

64 608 177 663 morte
196 589 385 666 vindicasse.

111 701 187 771 Nos
212 719 348 789 autem,
384 701 504 786 Brute,
530 698 712 796 quoniam,
728 695 805 794 post
831 695 1024 787 Hortensii,
1038 720 1087 772 33·

62 803 228 877 clariffimi
249 803 410 895 oratoris,
423 829 588 896 mortem,
599 807 700 880 orbae
717 804 923 903 eloquentiae
934 805 1024 902 quast

64 932 193 989 tutores
209 918 313 992 relisii
325 920 451 1011 sumus,
473 921 568 993 domi
586 942 760 995 teneamus
775 945 868 1009 eam,
899 919 1025 1014 septam

17 1053 25 1071 ·
63 1024 191 1099 liberali
204 1027 376 1114 custodia;
401 1047 435 1102 et
459 1029 520 1117 hos
541 1028 680 1126 ignotos
705 1026 1026 1131 atque‘impudentes
1108 1089 1124 1115 .‚

64 1157 190 1228 procos
206 1136 441 1231 repudiemus,
468 1158 705 1234 tueamurque,
728 1154 770 1222 ut
792 1136 934 1222 adultam
953 1133 1025 1207 vir-

60 1242 198 1338 ginem,
217 1242 317 1334 caste,
330 1262 364 1317 et
376 1246 417 1317 ab
431 1263 617 1318 amatorum
625 1247 939 1343 impetu,‚quantum
948 1243 1023 1340 pos-
1093 1270 1095 1275 ’

48 1355 199 1446 sumus,
223 1359 465 1452 prohibeamus·
489 1359 679 1456 Equidem,
699 1357 756 1431 etsi
774 1356 901 1446 doleo,
919 1381 974 1428 me
988 1354 1025 1427 in
1065 1380 1069 1387 ·
1087 1442 1093 1454 ι

64 1463 172 1537 vitam
196 1467 297 1562 paulo
318 1467 439 1559 serius,
458 1485 617 1566 tanquam
634 1469 671 1542 in
687 1467 800 1559 viam,
825 1465 1025 1563 ingreffilma

64 1575 256 1672 priusquam
279 1579 467 1654 consessum
487 1579 551 1653 iter
572 1578 637 1668 fit,
659 1578 695 1651 in
712 1578 808 1663 hanc
827 1575 1025 1672 reipublicae

64 1686 199 1766 nostem
220 1687 391 1764 incidisse:
413 1708 525 1764 tamen
551 1716 589 1765 ea
607 1689 833 1766 consolatione
846 1689 1024 1788 sustentor,

62 1821 165 1893 quam
185 1820 222 1871 tu
247 1800 353 1891 mihi,
390 1804 513 1890 Brute,
536 1803 710 1876 adhibuisti
736 1802 801 1875 tuis
832 1800 1024 1881 suavitsmis

64 1911 202 1985 literis:
193 1915 346 2011 ·quibus
359 1941 413 1987 me
431 1916 511 1989 forti
527 1917 639 1989 animo
656 1916 721 1989 esse
742 1933 898 2037 oportere
911 1914 1023 1988 cense-·

65 2020 146 2107 bas,
172 2021 265 2117 quod
287 2047 325 2094 ea
336 2022 516 2119 geffillem
538 2049 624 2124 quae
640 2025 680 2096 de
701 2048 773 2109 me,
797 2023 895 2095 etiam
908 2049 961 2096 me
969 2042 1022 2096 ta

64 2145 185 2217 cente,
211 2128 279 2225 ipsa
312 2124 553 2227 loquerennrr,
579 2149 808 2229 mortuoque,
839 2133 1054 2217 viverent;

63 2259 171 2358 quae,
194 2233 317 2310 stresie
330 2237 428 2324 esset,
452 2240 552 2313 salute
576 2239 803 2336 reipublicae,
835 2237 882 2308 sm
906 2238 1022 2327 secus,

64 2343 201 2418 interitu
223 2346 321 2442 ipso,
357 2347 581 2420 testimonium
604 2372 756 2420 meorum
786 2351 827 2422 de
856 2346 1021 2444 republica
1103 2348 1105 2353 ’

65 2451 279 2526 consiliorum
295 2455 420 2527 darent.
452 2454 516 2525 Sed
538 2454 573 2526 in
586 2472 619 2528 te
637 2454 797 2542 intuens,
814 2454 934 2541 Brute,
959 2452 1023 2525 do-
1038 2483 1084 2554 97

62 2557 117 2630 leo
153 2611 166 2646 ,
200 2559 291 2631 cuius
315 2559 351 2630 in
373 2557 649 2649 adolescentiam,
685 2583 745 2656 per
766 2558 888 2631 medias
912 2559 1020 2639 laudes
1038 2597 1082 2649 331

62 2668 153 2766 quast
163 2663 328 2767 quadrigis
344 2669 539 2759 vehentem,
562 2667 744 2749 transversa
756 2668 894 2742 incurrit
905 2669 1021 2743 misera

62 2781 204 2859 fortuna
228 2783 434 2879 reipublicae.
463 2781 518 2855 hic
536 2805 590 2853 me
611 2781 710 2854 dolor
724 2782 849 2880 tangit,
872 2783 954 2856 haec
966 2788 1021 2856 me

63 2911 144 2960 cura
160 2886 332 2978 sollicitat,
347 2905 381 2962 et
400 2889 489 2961 hunc
502 2914 661 2979 mecum,
684 2887 810 2962 socium
824 2887 970 2961 eiusdem
987 2907 1020 2960 et

64 2999 190 3071 amoris
203 3017 236 3071 et
254 3000 377 3073 iudicii
413 3001 493 3097 Tibi
510 3001 678 3089 favemus,
702 3022 735 3076 te
753 3026 809 3076 tua
821 3000 888 3073 frui
897 3002 1020 3076 virtute
1127 3018 1129 3022 ‘

54 3106 239 3204 cupimus:
261 3109 322 3194 tibi
344 3130 495 3205 optamus
519 3137 591 3199 eam
609 3112 873 3208 rempublicam,
898 3108 933 3181 in
955 3134 1022 3207 qua,

24 3240 27 3245 ’
63 3216 208 3300 duorum
228 3241 385 3314 generum
411 3220 679 3316 ampliffimorum
704 3242 870 3315 renouare
886 3234 1019 3295 memo-

63 3326 148 3398 riam
162 3346 260 3425 atque
281 3355 402 3427 augere
414 3330 523 3426 poffis.
555 3333 666 3402 Tuum
680 3327 914 3423 enim‘forum',
926 3348 1020 3405 tuum

17 3426 24 3438 ³
63 3455 135 3511 erat
149 3438 229 3511 illud
251 3442 474 3515 curriculum·
498 3459 535 3513 tu
567 3440 642 3512 illuc
672 3444 812 3545 veneras
834 3469 938 3532 unus,
962 3444 1020 3540 qui

17 3568 136 3627 non
161 3545 306 3645 linguam
328 3552 433 3623 modo
456 3549 595 3624 acuisses
616 3550 850 3624 exercitatione
876 3551 1019 3640 dicendi,

17 3648 120 3735 sed
133 3672 168 3727 et
186 3656 287 3752 ipsam
310 3660 531 3758 eloquentiam
547 3661 807 3758 locupletavisses
827 3663 1034 3759 graviorumv

17 3742 186 3901 {attium
203 3767 450 3858 instrumento,
472 3788 505 3844 et
522 3771 652 3845 iisdem
660 3773 787 3846 artibus
801 3774 908 3861 decus
920 3797 1020 3856 omne

662 3909 664 3914 ·
738 3873 841 3983 ceq-
