2302 4304
131 301 301 369 4¹².
448 271 774 345 ORATOR.
896 364 900 371 ι

131 436 266 532 ipsum,
289 432 382 529 quod
408 430 456 506 est
481 431 669 529 optimum,
692 383 932 530 desperandum
963 432 1032 519 est;
1055 453 1085 507 er

131 546 166 616 in
188 539 426 674 praestantibus
448 540 565 627 rebus,
590 565 709 639 magna
728 540 803 615 sunt
822 565 884 630 ea,
910 567 995 639 quae
1017 542 1084 615 sunt

73 644 115 733 ‘7
132 659 268 756 oprimis
298 658 459 755 proxima.
507 658 616 754 Atque
645 678 709 753 ego
731 654 766 727 in
793 653 927 729 summo
953 677 1083 730 oratore

132 768 290 868 fingendo
323 767 420 839 talem
446 764 659 854 informabo,
694 761 797 860 qualis
828 761 964 835 sortasse
988 787 1082 835 nemo

131 883 204 956 fuir.
252 883 331 954 Non
349 881 439 953 enim
456 903 599 976 quaero,
621 876 697 975 quis
718 873 842 965 fuerit,
867 874 926 947 sed
943 876 1026 973 quid
1048 874 1082 948 st

132 996 230 1085 illud,
259 985 329 1092 quo
355 994 436 1067 nihil
460 992 557 1089 possit
582 991 646 1063 esse
668 989 895 1089 praestantius:
937 991 1029 1087 quod
1049 991 1080 1060 in

132 1105 348 1202 perpetuitate
365 1102 496 1178 dicendi
512 1126 582 1173 non
602 1099 716 1196 saepe,
739 1117 837 1195 atque
850 1098 942 1170 haud
960 1097 1027 1171 scio
1044 1123 1081 1168 an

132 1244 302 1315 unquam,
335 1217 369 1287 in
388 1217 494 1314 aliqua
513 1233 621 1286 autem
643 1229 735 1310 parte
755 1210 863 1282 elucet
885 1209 1082 1307 aliquando,

131 1328 325 1423 idemapud
340 1326 422 1398 alios
459 1325 604 1408 densius,
629 1321 715 1420 apud
731 1321 810 1393 alios
828 1320 966 1392 fortasse
980 1319 1083 1403 carica

100 1434 194 1506 sSed
212 1459 275 1530 ego
297 1434 341 1507 sic
363 1433 489 1520 statuo,
523 1433 605 1503 nihil
630 1431 695 1504 else
719 1430 754 1503 in
779 1429 848 1502 ullo
875 1455 999 1526 genere
1021 1448 1081 1503 tam

130 1543 326 1639 pulchrum,
352 1568 421 1642 quo
443 1568 512 1615 non
530 1541 698 1639 pulchrius
720 1541 754 1612 id
768 1539 826 1629 sit,
840 1539 931 1612 unde
943 1539 1082 1630 illud,ut

129 1675 172 1725 erc
192 1677 253 1732 ore
277 1653 414 1751 aliquo,
451 1654 540 1753 quasi
568 1653 710 1750 imago,
735 1652 938 1748 exprimatur
963 1678 973 1722 :
998 1649 1081 1747 quod

130 1781 239 1855 neque
270 1762 395 1850 oculis,
431 1787 538 1860 neque
574 1760 724 1850 auribus,
762 1784 869 1856 neque
897 1757 968 1829 ullo
997 1756 1080 1830 sensu

64 1892 66 1897 ·
130 1866 256 1961 percipi
283 1867 411 1962 potest,
434 1869 637 1967 cogitatione
650 1887 789 1943 tanturn
815 1886 848 1940 ct
866 1884 978 1939 mente
999 1891 1081 1938 com-

130 1975 311 2071 pledimur.
360 1983 471 2077 ltaque
501 1999 534 2053 et
566 1979 698 2052 Phidiae
728 1978 934 2063 simulacris,
954 1977 1082 2076 'quibus

35 2105 38 2110 ·
130 2085 217 2171 nihil
245 2087 280 2159 in
314 2087 373 2161 illo
406 2113 525 2186 genere
560 2084 731 2183 persedius
757 2086 932 2176 videmus,
969 2103 1003 2159 et
1035 2084 1080 2155 his

130 2193 284 2288 pilluris,
307 2220 387 2293 quas
406 2194 598 2282 nominavi,
622 2195 766 2292 cogitare
785 2211 896 2267 tamen
917 2192 1082 2291 possumus

98 2308 329 2403 ‚pulchriora
354 2311 428 2381 Nec
448 2333 533 2382 vero
556 2308 611 2381 ille
629 2307 764 2394 artifex,
789 2334 864 2380 cum
886 2308 1008 2380 faceret
1029 2311 1081 2378 lo·

130 2414 181 2491 vis
207 2416 369 2508 formam,
404 2435 459 2492 aut
488 2417 679 2507 Minervae,
713 2418 998 2515 contemplabatur
1028 2415 1082 2496 ali-

128 2548 249 2619 quem,
276 2551 295 2597 e
316 2551 385 2622 quo
410 2525 652 2597 fimilitudinem
676 2527 831 2610 duceret;
857 2525 913 2596 sed
933 2524 1081 2622 ipsiusin

129 2648 238 2702 mente
256 2631 412 2706 insidebat
438 2634 560 2731 species
586 2634 834 2733 pulchritudinis
847 2634 969 2705 eximia
983 2661 1080 2733 quae-

69 2805 72 2811 .
129 2740 219 2825 dam,
244 2768 341 2838 quam
361 2747 508 2833 inruenS,
532 2749 686 2845 ioeaque
706 2745 853 2834 defixus,
880 2747 923 2817 ad
940 2746 1026 2820 illius
1044 2746 1079 2817 si·

30 2932 32 2939 y
90 2867 109 2939 3
128 2847 345 2919 militudinem
367 2870 469 2923 artem
488 2874 521 2924 et
542 2879 676 2924 manum
700 2852 891 2949 dirigebat·
914 2858 963 2927 Ut
985 2854 1078 2951 igitur

128 2961 297 3034 informis
321 2979 353 3034 et
372 2962 485 3060 figuris
503 2963 550 3034 est
568 2965 692 3060 aliquid
713 2965 897 3060 persedum
918 2985 952 3040 et
976 2967 1077 3040 excel-

21 3097 25 3106 ’
127 3075 218 3159 lens,
256 3071 348 3146 cuius
368 3071 409 3142 ad
435 3070 614 3167 cogitatam
645 3071 785 3167 speciem
810 3075 973 3147 imitando
997 3075 1076 3147 refe-

42 3198 46 3204 ·
126 3197 242 3250 runmr
260 3204 318 3269 ea,
346 3205 430 3276 quae
457 3176 515 3250 sub
537 3179 656 3252 oculos
676 3181 744 3277 ipsa
763 3181 900 3256 cadunt:
937 3184 981 3256 sic
1002 3210 1074 3281 per-

69 3344 72 3349 *
90 3366 92 3371 ,
125 3287 228 3359 seciae
240 3288 446 3389 eloquentiae
464 3290 605 3386 speciem
623 3291 735 3363 animo
747 3293 914 3383 videmu5,
939 3295 1074 3392 effigiem

82 3430 112 3466 ω
126 3395 256 3468 acrrihus
280 3398 476 3492 quaerimus.
540 3401 608 3473 Has
634 3425 744 3474 rerum
777 3400 904 3474 formas
942 3403 1075 3503 appellat

78 3570 83 3580 ,
120 3510 214 3581 ideas
232 3506 284 3578 ille
303 3532 373 3579 uon
373 3508 590 3613 *intelligendi
611 3510 739 3600 solum,
763 3511 931 3584 sedetiam
949 3510 1073 3585 dicendi

56 3618 57 3622 ’
99 3612 330 3706 7ςοττεινὶίῖιπηιιε
346 3618 459 3687 audior
477 3635 510 3687 et
523 3617 695 3714 magister,
720 3621 834 3705 Plaro;
859 3621 1019 3727 easque
990 3620 1073 3720 gigni

124 3739 242 3814 negat,
266 3736 299 3794 et
320 3720 365 3791 ait
378 3719 517 3817 semper
536 3722 617 3812 esse,
644 3749 682 3796 ac
700 3724 827 3797 ratione
845 3741 878 3797 et
898 3723 1071 3824 intelligen-
