2302 4304
72 277 142 380 508
211 352 214 357 .

653 362 668 397 0
756 385 765 401 ο

71 439 99 514 ti
122 431 346 533 Metaphrasrn
367 425 553 506 admodum
568 429 868 506 'adolescentulum
891 429 929 511 se
950 454 1036 505 com·

72 529 1038 727 trsrestructuri-,tussa

76 731 139 826 Ep.
154 726 279 799 LXIX.
303 729 514 825 Fragmenta,
550 748 634 822 quae
659 722 729 799 sola
746 722 1039 820 hodiesupersunt,

78 850 156 900 cunr
184 823 323 896 Graecis
349 821 565 923 comparavit,
584 838 712 917 praeter
729 824 839 895 laath.
864 825 1038 893 Parianiurr
1088 843 1090 849 ’

79 919 311 1019 Paris.1'540,
335 945 369 1012 4.
394 918 487 1005 Basrl·
517 941 606 1018 1542,
621 972 633 1007 ,
650 918 691 1010 8.
717 919 756 993 &
786 921 835 990 H.
852 922 1038 1012 stephaniam

77 1017 114 1090 in
126 1015 252 1090 Lexico
266 1017 510 1103 Ciceroniana,
535 1038 588 1090 an.
603 1039 718 1129 1557,
746 1015 778 1089 8.
808 1016 884 1089 'Can
895 1019 1041 1112 Sigonius

78 1114 116 1187 in
130 1112 186 1186 sua
201 1111 466 1212 fragmentorum
480 1112 654 1186 Ciceronis
679 1113 905 1205 colledione3
929 1111 1042 1209 qtu'hus

80 1209 250 1285 addendae
277 1210 527 1285 observationes
560 1200 854 1283 enrduiffimorum
890 1208 1042 1285 uirorum

82 1311 182 1380 Pauli
205 1311 359 1400 laopardi
371 1309 469 1394 XVI,
492 1333 535 1398 14
560 1309 599 1383 &
615 1308 744 1392 XVIII,
763 1310 806 1379 16
821 1305 869 1404 sq.
894 1306 1042 1379 emenda-

20 1456 23 1466 .
81 1404 213 1475 tionum
235 1404 275 1476 &
296 1403 403 1477 Hadr.
420 1386 554 1476 Turnebt'
575 1405 663 1492 VIII,
684 1429 725 1499 17
754 1402 939 1477 Adversar.
963 1405 1044 1474 Patri

43 1595 45 1599 Ι
83 1500 165 1573 item
184 1500 386 1596 Iaeftaloptrii
416 1517 514 1572 notae
538 1499 580 1572 ad
612 1500 687 1575 Cic.
724 1501 764 1573 de
787 1523 854 1573 nat.
886 1502 993 1574 Deor.
1012 1524 1044 1596 p.

40 1687 41 1690 Ἴ
83 1596 167 1691 408.
180 1596 227 1695 so,
261 1599 301 1672 &
318 1601 469 1696 Hugorrt's
498 1600 627 1688 G‘rotii,
652 1597 718 1675 viri
737 1596 893 1688 summi,
918 1601 1044 1686 Aratea,

84 1693 121 1775 in
139 1695 259 1794 quibus
271 1719 342 1767 non
355 1696 461 1769 modo
474 1695 656 1794 fragmenta
670 1682 845 1769 Ciceronis
858 1720 902 1768 eo
917 1695 1048 1782 ordine,

84 1816 158 1891 quo
177 1794 281 1866 Arato
304 1792 531 1889 respondent,
549 1792 706 1881 exhibet,
729 1791 784 1879 sed
805 1811 844 1873 et
862 1793 930 1864 alio
944 1792 1045 1865 litera·

85 1913 161 1965 tum
179 1889 367 1962 characiere
387 1889 525 1977 versus,
547 1891 604 1988 qui
632 1891 795 1976 deerant,
812 1912 863 1963 ‘ex
887 1890 947 1964 suo
957 1889 1047 1986 inge·

51 2072 56 2081 ⁴
87 1986 147 2061 nio
160 1985 327 2084 supldetos
338 1984 525 2087 interseruit
537 2007 635 2084 atque
657 1983 833 2076 adiunxit,
853 1988 957 2086 Lugd.
976 1989 1047 2068 ,Bat

93 2085 194 2158 1600.
209 2108 244 2175 4.
271 2085 410 2155 Ioanrt'is
432 2083 574 2182 denique
598 2087 787 2158 Cothattovt'i
808 2080 914 2159 editio
942 2083 1046 2171 neutie

87 2207 191 2352 guam
217 2181 478 2279 praetereunda,
504 2182 562 2280 qui
575 2184 714 2255 Aratum
736 2180 913 2256 Ciceronis
934 2206 1047 2253 recen·

103 2306 137 2351 ur

138 2299 152 2352 t
165 2281 204 2352 &
219 2276 390 2352 illustravit
401 2279 545 2351 Cracov.
564 2291 662 2378 1579.
679 2304 712 2372 4.
727 2282 770 2357 ὅ(
780 2304 864 2377 quae
878 2279 921 2361 ad
936 2281 1048 2365 Aratea

88 2376 191 2450 Tullii
199 2377 372 2450 annotavit
389 2379 491 2450 Ianus
512 2378 674 2457 ‘Gntttrus
699 2375 873 2449 Recensuit
890 2376 991 2449 etiam
1004 2375 1050 2446 in·

88 2490 141 2547 ter
159 2473 345 2571 fragmenta
361 2474 537 2546 Ciceronis
556 2479 705 2546 Andreas
726 2477 909 2562 Patricius,
936 2497 1050 2572 quaec

89 2570 243 2643 Gudiana
255 2570 333 2643 bibl.
352 2572 466 2669 accepi
489 2573 660 2644 emendata
680 2597 723 2644 ex
742 2572 839 2644 MSS..
856 2575 1049 2668 Fragmenta

89 2688 279 2740 ceteronun
299 2666 498 2764 scriptorum
524 2667 695 2742 Ciceronis
721 2667 936 2741 subiiciturtur
954 2669 1048 2745 etiam

89 2762 229 2837 editioni
250 2763 452 2836 Officiorum
474 2765 626 2861 Lipsrenfi
649 2768 748 2838 1611.
777 2765 807 2838 8.

139 2885 172 2952 4.
180 2861 299 2933 Cetera
309 2860 428 2957 scripta
440 2863 613 2935 Ciceronis
626 2862 794 2958 deperdita
800 2861 882 2935 haec
888 2860 961 2934 fere
970 2861 1049 2948 sunt,

89 2983 235 3055 quorum
244 2956 429 3057 fragmenta
438 2985 480 3033 ex
493 2979 645 3032 veterum
659 2959 883 3033 monumentis
891 2958 968 3059 post
975 2963 1051 3030 Rob.

17 3069 19 3071 ’
87 3059 307 3150 Stephanum,
332 3055 465 3156 coIIegit
495 3061 563 3129 Car.
581 3061 750 3153 Sigonius,
762 3061 885 3128 Vener.
904 3080 1005 3155 1559.
1021 3055 1049 3126 8.

90 3153 130 3223 &
151 3152 274 3225 horum
298 3152 435 3229 vincens
448 3152 640 3237 industriam
654 3157 760 3226 Artdr.
774 3156 961 3241 Patricius,
986 3155 1049 3227 Po-

88 3247 211 3335 Ionus,
233 3250 279 3322 ib.
299 3274 400 3350 1550.
415 3252 446 3325 8.
477 3255 578 3352 1565.
602 3278 636 3344 4.
664 3253 703 3324 &
726 3250 837 3346 1578..
853 3275 888 3342 4.
912 3250 977 3336 suis
995 3274 1051 3322 ve·

88 3368 131 3416 ro
143 3344 316 3421 Ciceronis
337 3349 539 3428 editionibus
563 3349 637 3449 (sed
648 3348 715 3420 sine
733 3347 866 3420 Patricii
880 3371 1051 3420 commen·

36 3589 39 3594 ,
132 3542 145 3580 1
177 3522 270 3604 Lupus
290 3523 461 3586 Ferrariensrs
477 3525 531 3607 Ep.
610 3550 657 3601 eo,
689 3546 762 3607 quam
788 3546 827 3583 me
858 3522 1051 3606 impetraturum

86 3599 127 3679 69
142 3602 178 3662 ad
199 3603 395 3672 Ausbaldum:
417 3609 458 3666 Tu
475 3629 529 3666 aa·
571 3609 574 3618 '
608 3609 700 3682 creda,
727 3627 792 3688 quae
813 3604 894 3685 dttffe
913 3605 960 3664 ille
979 3602 1053 3684 Egil.

87 3695 137 3772 tfm
160 3684 222 3744 ltuic
237 3687 322 3766 nostro
343 3687 440 3769 cursori
463 3689 529 3747 Tul-
570 3752 574 3760 ,
609 3689 691 3772 noster
710 3687 833 3773 aperuit,
848 3686 1034 3768 fitpplearrtur.

84 3756 151 3818 llum
172 3765 203 3822 itt
224 3767 314 3826 Arato
331 3768 425 3839 trade,
444 3785 475 3828 ut
490 3789 525 3828 ex
785 3777 803 3825 .'
948 3805 950 3809 ,

59 3914 110 3964 k.
