2302 4304
100 236 231 403 ⁴304
298 323 301 326 ·
486 300 792 373 Brutus

158 461 375 562 suspicionem
391 486 524 538 veneno
544 461 603 536 fibi
623 460 816 537 conscivtffe
834 481 1004 536 mortem:
1028 458 1118 544 hunc

157 570 211 644 isti
229 572 336 662 airon,
362 600 438 646 cum
451 594 580 646 taurum
599 572 845 661 immolavisset,
869 574 1037 670 excepisse
1051 575 1117 647 san·

157 684 294 781 gitinem
314 707 445 782 patera,
470 704 503 757 et
532 710 574 757 eo
600 703 703 782 poto,
731 709 901 758 mortuum
924 687 1116 762 concidisse.

68 848 73 858 .
159 794 254 867 Hane
271 795 360 866 enirn
381 814 525 867 mortem
546 791 709 866 rhetorice
730 812 763 867 et
780 795 899 892 tragice
916 820 1040 868 ornare
1052 821 1114 910 po-

104 970 107 975 <
158 923 314 980 merum:
339 907 392 979 illa
415 933 507 980 mors
529 907 675 1005 vadgaris
697 906 818 978 nullam
836 905 1018 1002 'praebebat
1042 933 1113 979 ma-

53 1035 57 1041 ’
158 1016 274 1089 teriem
293 1018 333 1089 ad
349 1034 515 1090 ornatum.
564 1018 696 1108 Quare,
719 1017 877 1114 quoniam
895 1016 958 1090 tibi
972 1018 1019 1092 ita
1037 1045 1112 1117 qua·

158 1127 252 1218 drat,
282 1128 395 1200 omnia
415 1126 509 1199 fuisse
530 1126 565 1198 in
582 1127 802 1201 Themistocle
826 1130 924 1227 paria·
935 1149 969 1203 et
986 1130 1110 1206 Εοῐὶοὁ

157 1241 250 1332 lano,
278 1261 424 1340 pateram
437 1264 571 1339 quoque
592 1266 611 1312 a
631 1266 685 1313 me
703 1243 807 1315 sumas
822 1239 921 1313 licet:
947 1245 1109 1340 praebebo

145 1353 254 1435 „etiam
278 1352 437 1440 hostiam,
471 1375 509 1424 ut
526 1351 727 1424 Coriolanus
747 1350 785 1423 fir
805 1352 901 1449 plane
917 1351 1000 1427 alter
1020 1354 1108 1429 The·

109 1487 142 1536 44
156 1462 330 1536 mistocles.
376 1462 424 1535 Sit
439 1463 537 1551 sane,
570 1460 727 1557 inquam,
759 1484 796 1536 ut
815 1463 924 1555 lubet,
953 1468 995 1539 de
1009 1467 1104 1540 islo:

154 1592 187 1646 et
203 1600 268 1672 ego
287 1575 411 1648 cautius
429 1571 563 1670 posthac
581 1571 750 1645 historiam
777 1574 956 1673 attingam,
991 1600 1026 1652 te
1039 1575 1103 1651 ‘au-

152 1680 283 1769 diente3
310 1707 409 1781 quem
431 1706 541 1753 rerum
553 1682 778 1754 Romanarum
792 1680 965 1757 'audiorem
981 1686 1106 1759 laudare

151 1787 283 1882 possum
309 1787 592 1885 religiosissimum.
652 1788 716 1859 Sed
740 1806 811 1860 tum
846 1788 915 1863 fere
946 1795 1102 1884 Pericles,

150 1899 335 1996 Xanthippi
361 1896 464 1986 filius,
496 1900 537 1971 de
557 1923 628 1997 quo
651 1921 726 1970 ante
749 1898 834 1986 dixi,
861 1901 988 1996 primus
1009 1903 1103 1978 'adhi-

64 2092 67 2099 .
150 2008 222 2082 buit
247 2011 451 2082 dodhinam:
490 2034 575 2107 quae
599 2036 798 2108 quamquam
827 2030 897 2086 tum
930 2016 1019 2088 nialla
1038 2035 1102 2091 erat

149 2121 302 2212 dicendi,
338 2142 448 2195 tamen
477 2125 520 2194 ab
547 2126 742 2221 Anaxagora
768 2126 907 2223 physrco
940 2129 1101 2219 eruditus,

150 2233 420 2306 exercitationem
440 2233 558 2306 mentis
579 2260 598 2304 a
624 2237 804 2308 reconditis
821 2237 1033 2336 abstrusisque
1051 2268 1099 2312 re·

148 2341 210 2416 bus
246 2346 287 2416 ad
328 2345 435 2417 causas
467 2343 611 2415 forenses
643 2343 881 2443 popularesque
916 2347 1013 2421 facile
1042 2370 1100 2423 tra·

149 2451 298 2525 duxerat.
337 2453 464 2525 -Huius
494 2452 650 2525 suavitate
682 2453 826 2524 maxime
852 2454 1005 2528 hilaratae
1035 2459 1100 2548 saint

148 2563 319 2634 Athenae:
346 2562 441 2635 huius
473 2564 656 2634 ubertatem
682 2553 723 2634 et-
745 2564 878 2659 copiam
904 2568 1099 2657 admiratae,

90 2694 133 2742 12
150 2666 294 2739 eiusdem
315 2670 386 2741 vim
398 2671 527 2742 dicendi
547 2682 776 2770 terroremque
789 2675 980 2749 timuerunt.
1012 2680 1099 2750 Haec

101 2799 131 2847 45
149 2772 248 2868 igitur
278 2790 364 2846 aetas
390 2775 495 2871 prima
528 2776 665 2849 Athenis
695 2796 863 2849 oratorem
893 2805 1000 2878 prope
1029 2809 1098 2880 per·

59 2875 61 2881 ’
147 2881 273 2957 sedtum
296 2880 379 2955 tulit.
435 2889 507 2958 Nec
535 2887 623 2956 enim
649 2888 685 2958 in
708 2886 988 2965 'constituentibus
1013 2919 1095 2965 rem*

146 2991 328 3089 publicam,
352 2995 475 3089 necin
498 2996 579 3068 bella
604 3001 810 3096 gerentibus,
844 3028 907 3074 nec
933 3005 969 3074 in
993 3005 1095 3114 impe-

27 3107 37 3117 ’
137 3104 235 3194 -ditis,
253 3131 290 3179 ac
310 3130 424 3204 regum
446 3108 672 3181 dominatione
692 3110 874 3200 devinetis,
896 3113 986 3184 nasci
1006 3115 1100 3211 cupi·

135 3215 227 3287 diras
250 3216 380 3289 dicendi
408 3216 499 3291 soler.
549 3217 638 3291 Pacis
660 3217 705 3289 est
727 3243 861 3305 comes,
901 3221 1030 3319 otiique
1048 3222 1094 3293 so-

144 3327 216 3416 cia,
242 3328 360 3399 etiam
382 3329 466 3402 bene
488 3329 680 3402 constitutae
701 3331 841 3404 civitatis
860 3333 950 3428 quasi
972 3334 1093 3406 alumna
1139 3394 1141 3433 Ι

95 3463 128 3525 46
142 3434 322 3532 quaedarn,
349 3436 547 3535 eloquentia.
596 3444 709 3538 ltaque
728 3441 773 3512 ait
796 3441 1007 3542 Aristoteles,
1024 3469 1092 3518 cum
1139 3446 1141 3541 l

141 3544 270 3618 sublatis
289 3545 324 3616 in
344 3547 451 3617 Sicilia
469 3546 637 3645 tyrannis,
673 3573 724 3619 res
748 3550 895 3644 privatae
917 3553 1026 3651 longo
1043 3554 1092 3624 in&
1138 3548 1141 3635 ξ

136 3655 280 3727 τετνεΙΙο
296 3655 423 3728 iudiciis
440 3678 684 3753 repeterentur,
711 3679 783 3730 tum
813 3660 980 3757 primum,
1008 3660 1092 3762 quod

28 3854 33 3863 α
139 3760 220 3839 esset
233 3782 326 3843 actua
348 3766 399 3842 illa
420 3792 519 3869 gens,
547 3789 581 3845 et
593 3771 809 3851 controversa
830 3792 968 3867 natura,
994 3794 1094 3851 arten
