2302 4304
160 317 230 415 458
469 312 797 393 ORATOR.

90 497 136 560 μό
151 477 196 549 rit
208 473 470 550 honestissimum
483 473 633 547 discere?
649 450 710 547 ‘Ac
728 471 864 547 sortasse
880 474 983 548 ceteri
996 477 1105 549 tedio·

151 613 222 669 res:
244 612 308 686 ego
328 586 455 683 semper
474 612 529 660 me
552 585 702 659 didicisse
722 611 800 683 prae
822 611 877 659 me
900 587 970 659 tuli.
1016 589 1104 682 Quid
1139 658 1141 667 .

152 698 243 771 enim
263 697 406 795 possem,
432 722 508 770 cum
527 714 561 770 et
579 696 750 770 absuissem
768 697 978 785 adolescens,
1000 717 1034 771 et
1047 700 1103 771 ho·

153 832 229 881 rum
244 807 425 879 studiorum
447 808 539 882 causa
560 833 651 879 mare
674 805 875 896 transissem,
911 830 945 880 et
969 808 1105 881 douiffi-

155 919 218 989 nris
236 917 427 990 hominibus
446 916 568 992 referta
586 918 705 989 domus
720 915 822 1004 eset,
847 935 882 990 et
904 918 1030 1019 aliquae
1041 919 1105 992 sor-

154 1028 232 1101 tasse
246 1027 384 1102 inelsent
396 1029 432 1100 in
444 1028 595 1102 sermone
614 1025 729 1102 nostro
751 1026 980 1101 doctrinarum
995 1027 1105 1103 uotae?

155 1165 299 1238 cumque
318 1141 424 1237 vulgo
446 1140 565 1238 scripta
586 1138 696 1212 nostra
718 1138 926 1236 legerentur,
953 1141 1107 1215 ddlirnula·

155 1276 226 1324 rem
246 1275 300 1323 me
315 1242 491 1324 didicisse?
518 1253 612 1344 Quid
634 1267 724 1340 erat,
748 1252 1030 1348 cur-probarem,
1058 1255 1106 1327 nisr

90 1380 133 1450 43
155 1363 248 1458 quod
269 1386 384 1457 parum
408 1361 543 1436 fortasse
565 1363 800 1460 profeceram?
837 1367 947 1458 Quod
963 1392 1048 1447 eum
1070 1369 1106 1441 ita

155 1479 209 1564 srt;
233 1499 346 1550 tamen
363 1502 420 1567 ea,
446 1505 529 1578 quae
543 1479 638 1576 supra
651 1481 738 1553 diua
757 1479 847 1567 sunt,
875 1483 949 1578 plus
963 1483 1000 1556 in
1014 1484 1107 1582 dispu-

153 1586 273 1676 tando,
297 1615 396 1687 quam
416 1615 471 1676 ea,
493 1592 533 1662 de
552 1586 670 1688 quibus
689 1590 865 1663 dicendum
880 1580 952 1684 esti
977 1595 1105 1693 dignita·

92 1719 137 1766 ¹47
154 1698 196 1770 tis
216 1698 411 1773 habuerunt.
434 1694 438 1704 ’
460 1700 515 1772 De
543 1699 653 1774 verbis
682 1699 771 1771 enim
793 1696 1106 1799 componendis,'et

152 1810 196 1880 de
209 1809 339 1907 syllabis
350 1813 595 1909 propemodum
604 1811 845 1885 dinumerandis
857 1832 894 1886 et
908 1815 1105 1888 dimetiendis

154 1919 355 2016 loquemur:
381 1947 465 2019 quae
478 1922 602 1996 etiamsi
623 1922 716 2010 sunt,
739 1921 833 1995 sicuti
846 1923 931 1995 mihi
949 1925 1106 2014 videam,

153 2027 349 2117 necessaria,
362 2092 365 2098 .
379 2046 491 2102 tamen
515 2028 598 2101 siunt
619 2027 904 2128 magnificentius,
940 2034 1105 2131 quamdo

60 2170 66 2179 ¹
152 2158 278 2211 centur.
326 2137 380 2211 Esl
401 2139 435 2211 id
455 2141 594 2212 omnino
608 2166 745 2232 verum,
769 2141 825 2215 sed
843 2143 1031 2241 propriein
1044 2144 1107 2223 hoe

152 2244 283 2318 dicitur.
301 2270 378 2317 nam
397 2248 547 2319 omnium
569 2273 760 2346 magnarum
782 2250 929 2342 artium,
954 2250 1037 2349 sicut
1058 2277 1104 2322 ar·

114 2402 117 2407 -
151 2355 290 2443 borum,
327 2358 466 2431 altimdo
494 2384 555 2434 nos
585 2360 744 2446 deledat3
778 2361 906 2449 radices
931 2359 1102 2460 stirpesque

151 2495 221 2542 non
239 2472 339 2545 item:
366 2469 421 2543 sed
441 2469 504 2561 esse
527 2471 580 2542 illa
600 2471 666 2545 fine
683 2472 731 2544 his
755 2497 824 2545 non
838 2471 956 2568 potest.
982 2476 1038 2546 Me
1051 2499 1101 2546 au·
1139 2500 1141 2553 ῑ

149 2595 216 2649 tem
225 2633 237 2667 ,
254 2579 323 2652 srve
337 2580 618 2676 pervagatiffimus
632 2582 683 2653 ille
696 2580 824 2672 versus,
846 2582 906 2678 qui
923 2601 1032 2673 vetat,
1139 2602 1141 2669 !

221 2695 331 2760 Artem
342 2696 456 2783 pudere
468 2696 636 2786 proloqui,
664 2693 910 2788 quamfac‘lites,
967 2681 970 2686 .

150 2796 344 2869 diffimulare
363 2823 436 2904 non.
451 2797 545 2887 sinit,
564 2802 643 2899 quin
663 2802 823 2887 deledler3
847 2801 918 2875 five
938 2819 1033 2877 tuum
1045 2802 1100 2875 stu·

147 2903 240 2977 diurn
258 2906 358 2978 hoca
373 2908 601 2982 mevolumen
618 2912 788 3008 expressit:
813 2934 925 2985 tamen
937 2913 1003 3005 eis,
1025 2937 1098 3012 quos

149 3014 274 3116 aliquid
310 3015 566 3114 reprehensuros
599 3019 806 3117 suspicabar,
841 3021 1099 3120 respondendum

65 3125 132 3195 '¹48
149 3124 221 3199 fuit.
270 3125 399 3220 Quodsi
416 3149 476 3216 ea,
499 3150 584 3222 quae
611 3126 701 3216 dixi,
727 3126 855 3200 nonita
880 3129 1003 3217 essent3
1031 3131 1096 3227 quis

147 3240 317 3311 tamense
337 3260 404 3313 tam
427 3232 546 3318 durum
572 3238 795 3337 agrestemque
816 3241 1011 3337 praeberet,
1047 3236 1096 3338 qu'

146 3344 233 3416 hanc
262 3346 343 3416 mihi
370 3373 441 3419 non
461 3349 552 3420 daret
575 3347 730 3437 veniam,
759 3365 815 3433 ut,
836 3372 916 3421 cum
933 3374 1026 3422 meae
1051 3347 1098 3419 so-

146 3449 254 3522 renses
271 3467 355 3523 artes
377 3473 411 3526 et
436 3457 580 3529 afflones
605 3457 753 3555 publicae
779 3457 1016 3551 concidissent,
1036 3483 1096 3532 non

143 3581 285 3645 meant
316 3563 474 3657 desidiae,
510 3569 603 3664 quod
624 3567 732 3642 facere
762 3593 834 3642 non
865 3570 1022 3667 possum3
1050 3590 1096 3649 aut

145 3658 344 3764 moestitiae,
372 3677 424 3747 cui
437 3676 568 3768 resisto,
589 3680 714 3776 potius,
735 3704 835 3776 quam
855 3678 981 3771 literis,
1002 3681 1096 3755 dede-

142 3781 240 3853 rem?
266 3809 350 3880 quae
372 3785 508 3883 quidem
529 3814 591 3876 ,me
625 3808 718 3873 antea
739 3789 775 3863 in
801 3788 925 3865 iudicia
948 3809 1045 3890 atque
1067 3789 1095 3862 iu
