2302 4304
152 285 221 384 29a
446 272 784 374 arturus.
873 262 874 267 ‘

147 446 225 529 fime
242 464 275 520 et
297 446 513 546 copiosrffime
538 453 678 525 aBruto
701 477 755 525 me
781 447 902 523 audiffe
927 442 1108 535 defensant.¹
1147 474 1150 503 ¹

107 554 245 647 6Scio,
258 559 391 657 inquit,
409 561 449 632 ab
464 558 525 632 isto
548 560 644 634 initio
662 563 801 635 traam
813 560 877 633 effe
894 559 1106 651 sermonem,

147 683 255 765 teque·
271 669 363 741 Bruti
388 668 555 740 dolentem
574 664 709 760 vicem,
727 669 816 767 quafi
841 671 1015 750 defleviffe'
1024 675 1106 747 iudi·

147 776 278 850 ciorum
304 774 512 865 vastitatem,
528 797 561 850 et
582 774 659 849 fori
690 777 770 881 Feci
792 831 807 865 ,
836 778 1000 875 inquam,
1023 779 1105 854 istuc

99 918 132 957 22
148 888 307 987 quidem,
332 907 366 962 et
387 889 479 986 saepe
500 887 599 962 facio.
613 891 709 962 ‘Nam
731 890 834 980 mihi,
862 892 988 982 Brute,
1010 893 1047 967 in
1072 909 1106 964 te
1138 906 1141 913 '

147 1004 308 1093 intuenti,
323 1004 442 1077 crebro
468 1005 503 1076 in
516 998 659 1077 mensem
678 1005 771 1078 venit
791 1005 901 1078 vereri
921 1058 934 1095 ,
957 1006 1104 1105 ecquod·

147 1140 224 1188 nam
250 1116 449 1189 curriculum
472 1116 647 1214 aliquando
678 1114 716 1187 sit
737 1115 887 1188 habitura
912 1133 969 1190 tua
997 1133 1032 1190 et
1051 1142 1104 1188 na·

147 1228 221 1296 tura
235 1223 501 1310 admirabilis,et
526 1221 683 1319 exquifita
711 1222 885 1312 dodrina,
907 1242 941 1296 et
967 1223 1103 1321 fingule-

147 1329 193 1400 ris
218 1329 383 1401 industria.
410 1329 498 1400 Cum
517 1328 654 1400 enimin
684 1329 836 1404 maximis
863 1329 966 1408 causts
996 1330 1104 1407 versa-

125 1456 199 1510 -tus
216 1438 320 1529 elles,
343 1457 377 1511 et
402 1463 480 1511 cum
506 1437 568 1510 tibi
595 1455 681 1510 aetas
719 1437 829 1511 nostra
855 1436 923 1515 iam
956 1441 1105 1532 cederet,

148 1544 313 1642 fascesque
338 1545 577 1636 summitteret,
600 1546 706 1620 subito
728 1549 763 1624 in
788 1548 923 1623 civitate
947 1576 1026 1625 cum
1045 1555 1105 1626 alia

148 1654 356 1746 ceciderunt,
373 1673 445 1728 tum
470 1655 570 1727 etiam
598 1679 636 1727 ea
656 1655 750 1752 ipsa,
769 1656 825 1739 de,
849 1682 915 1754 qua
947 1657 1105 1755 disputare

99 1795 130 1852 ²3
148 1766 322 1857 ordimur,
349 1765 536 1865 eloquentia
564 1767 741 1843 obmutuit.
764 1769 853 1841 Tum
883 1768 960 1859 ille,
973 1770 1106 1848 Cetera-

148 1902 223 1949 rum
249 1901 360 1951 rerum
381 1875 499 1965 causa,
521 1874 653 1973 inquit,
671 1875 751 1951 istuc
780 1895 814 1949 et
837 1877 938 1950 dol'eo
951 1931 967 1968 ‚2
982 1899 1017 1953 et
1043 1881 1104 1952 do-

146 1983 299 2059 lendum
315 1996 425 2082 puto;
446 1983 579 2060 dicendi
610 2004 718 2061 autem
749 2011 895 2060 menon
913 2010 984 2062 tam
1018 1991 1106 2065 fruc·

74 2091 79 2100 ’
146 2107 223 2181 tus,
249 2110 282 2166 et
304 2093 435 2191 gloria,
457 2119 556 2191 quam
580 2092 723 2168 studium
741 2095 872 2192 ipsum,
898 2100 1105 2177 exercitatio·

147 2225 213 2299 que
231 2202 368 2275 deleelat
381 2228 391 2274 τ
406 2201 498 2298 quod
517 2201 598 2274 mihi
616 2202 704 2275 nulla
726 2197 779 2275 r‘es
800 2204 935 2301 eripiet,
963 2226 998 2281 te
1020 2198 1128 2305 prae-⁴

145 2311 259 2386 sertim
288 2329 355 2386 tam
393 2304 549 2386 studioso.
574 2312 705 2385 Etenim
743 2315 851 2391 dicere
891 2317 981 2396 bene·
1006 2344 1116 2397 nemo,

69 2424 71 2429 ’
147 2425 281 2524 potest,
303 2426 363 2500 nifi
403 2427 461 2525 qui
495 2427 671 2526 prudenter
704 2427 864 2527 intelligit.
900 2432 1016 2524 Quare
1049 2433 1108 2531 qui

68 2590 79 2639 τ
147 2537 354 2634 eloquentiae
389 2563 489 2610 verae
523 2539 579 2610 dat
614 2563 777 2635 operam,
804 2542 860 2612 dat
893 2543 1110 2637 prudentiae,

67 2646 76 2674 ·’
148 2666 213 2744 qua
234 2673 277 2720 ne
301 2649 451 2720 maximis
488 2651 623 2747 quidem
660 2642 697 2725 in
733 2649 825 2722 bellis
854 2674 963 2747 aequo
995 2651 1106 2726 animo

92 2759 132 2839 '24
148 2779 261 2826 carere
284 2754 459 2852 quisquam
480 2757 596 2853 potest.
619 2756 807 2846 Praeclare,
821 2755 1108 2863 inquam,Brute‚

67 2952 71 2958 ⁵
147 2863 366 2962 dicis,eoque
379 2864 483 2963 magis
500 2864 558 2936 ista
579 2864 711 2938 dicendi
723 2865 820 2940 laude
840 2864 1002 2958 deledlor,
1015 2869 1107 2967 q'uod

146 2993 372 3072 cetera,quae
395 2971 469 3045 sunt
483 2972 652 3071 quondam
678 2975 790 3048 habita
812 2977 847 3047 in
873 2975 1011 3050 civitate
1036 2977 1107 3074 pul·

57 3096 67 3128 ·‘
146 3085 330 3173 cherrima,
349 3108 451 3157 nemo
476 3081 523 3156 est
542 3101 610 3154 tam
642 3084 796 3175 humilis,
810 3086 869 3184 qui
898 3088 930 3159 se
957 3113 1029 3159 non
1054 3105 1108 3164 aut

53 3199 74 3213 “’
145 3195 239 3290 posse
263 3192 428 3290 adipisci,
442 3212 497 3266 aut
514 3197 669 3291 adeptum
688 3216 793 3291 putet.
817 3199 1029 3295 eloquentem
1054 3224 1110 3272 ne*

105 3294 119 3364 Ῐ
138 3306 271 3378 minem
295 3305 398 3379 video
420 3298 541 3378 sadum
567 3303 633 3380 effe
661 3305 814 3380 villoria.
838 3308 902 3378 Sed
931 3334 1002 3405 quo
1030 3309 1108 3384 faci-

145 3417 206 3490 lius
238 3417 347 3490 sermo
374 3419 582 3514 explicetur,
609 3416 781 3509 sedentes,
803 3419 827 3490 st
853 3419 985 3493 videtur
997 3474 1009 3507 ‚
1032 3447 1109 3519 aga·

145 3552 228 3601 mus.
261 3529 349 3602 Cum
378 3528 467 3602 idem
493 3527 662 3623 placuisset
701 3528 790 3618 illis,
819 3546 890 3605 tum
916 3528 952 3601 in
979 3530 1109 3626 pratulo

144 3656 282 3735 propter
304 3635 450 3711 Platonis
472 3634 608 3711 statuam
628 3634 845 3711 consedimru.
1062 3724 1065 3741 Ι

94 3782 124 3836 25
191 3751 256 3826 Hic
269 3775 334 3849 ego
349 3803 364 3839 ,
377 3745 531 3823 *laudare
546 3747 648 3849 igitur
671 3745 919 3850 eloquentiam,
934 3763 968 3824 et
987 3762 1109 3845 quauta
