2304 4304
390 319 610 393 tinen
659 318 713 390 ιι.
964 339 1031 413 119

58 483 150 571 effe,
185 507 256 557 non
286 507 444 580 magnum
465 480 536 568 est,
561 497 597 554 ut
615 478 686 568 ille,
722 475 781 575 qui
802 474 1031 565 nuncetiam,

33 588 35 595 ’
64 597 184 670 amiffa
198 623 311 687 voce,
340 597 419 669 furit
438 596 472 668 in
491 594 659 692 republica
683 592 821 681 Furius,
846 611 970 664 neruos
995 592 1035 662 in

68 710 216 781 dicendo
233 709 273 782 C.
295 707 474 802 Fimbriae,
499 732 584 804 quos
601 724 713 778 tamen
729 702 845 775 habuit
863 702 941 792 ille,
963 727 1035 773 non

70 816 272 914 all'equirur,
283 815 351 887 oris
368 815 566 911 pravitatem
583 830 616 886 et
632 813 814 887 verborum
831 805 1036 883 latitudinem

28 938 31 949 '
71 925 232 1003 imitatur.
255 929 310 1001 sed
341 948 454 1000 tamen
480 927 532 998 ille
554 951 616 998 nec
641 925 782 1022 deligere
803 914 921 1010 scivit,
945 919 1038 993 cuius

47 1035 51 1042 ’
74 1035 280 1133 potissimum
293 1036 404 1108 similis
429 1035 532 1125 effet,
557 1035 637 1106 etin
659 1058 702 1130 eo
717 1031 789 1129 ipso
804 1084 823 1121 ,Α
844 1055 944 1129 quem
958 1029 1039 1099 dele·

74 1163 187 1243 gerat,
212 1142 337 1216 imitari
350 1143 449 1216 etiam
462 1143 547 1215 vitia
562 1143 681 1242 voluit.
730 1141 800 1233 Qui
813 1163 923 1213 antem
938 1137 983 1210 ita
997 1135 1039 1207 fa·
1056 1161 1087 1214 92

74 1253 164 1343 ciet,
184 1272 223 1325 ut
239 1271 398 1349 oportet,
421 1253 568 1350 primum
583 1251 699 1351 vigilet
709 1249 835 1323 necelle
848 1249 895 1322 est
909 1251 944 1321 in
958 1248 1040 1320 deli-

76 1362 205 1458 gendo:
231 1362 375 1453 deinde,
401 1389 500 1461 quem
521 1362 696 1460 probavit,
721 1363 757 1434 in
778 1386 841 1449 eo,
871 1383 954 1458 quae
968 1384 1039 1431 ma·

76 1472 165 1543 xime
184 1474 362 1563 excellent,
381 1499 418 1546 ea
432 1474 672 1573 diligentiffime
696 1473 916 1571 persequatur.

125 1583 219 1676 Quid
227 1583 316 1655 enim
325 1585 437 1656 causae
446 1584 580 1658 censetis
590 1583 666 1675 else,
676 1610 734 1657 cur
743 1580 1040 1657 aetatesexrulerint

76 1693 218 1790 singulae
229 1693 350 1791 lingula
364 1719 469 1791 prope
483 1691 770 1791 generadicendil·
785 1692 876 1788 quod
889 1716 957 1762 non
969 1707 1052 1765 tam.

76 1804 173 1876 facile
190 1804 226 1875 in
239 1804 358 1877 nostris
371 1806 560 1878 oratoribus
577 1803 750 1901 poffumus·
760 1803 931 1893 iudicare,
961 1801 1040 1900 quia

77 1914 211 2010 scripta,
220 1940 262 1986 ex
270 1914 388 2012 quibus
396 1913 554 1987 iudicium
564 1912 635 1986 fieri
644 1912 762 2011 pollet,
772 1938 841 1985 non
852 1915 952 1986 multa
963 1912 1041 1987 sane

76 2023 300 2118 reliquerunt,
312 2047 411 2119 quam
417 2022 450 2092 in
456 2020 607 2111 Graecis3
618 2047 660 2094 ex
672 2046 816 2120 quorum
827 2020 966 2118 scriptis,
980 2048 1040 2096 cu-

78 2131 197 2229 iusque
213 2131 326 2204 aetatis
344 2156 428 2229 quae
439 2131 571 2204 dicendi
583 2129 670 2203 ratio
695 2130 915 2227 voluntasque
930 2130 1040 2220 fuerit,

79 2242 218 2340 intelligi
226 2240 570 2341 potest.rlntiqrtilhmi
579 2243 647 2315 fere
658 2241 895 2338 sunt,quorum
905 2241 1040 2338 quidem
1053 2230 1092 2318 >93

80 2354 204 2450 scripta
214 2353 376 2444 constent,
387 2354 525 2429 Pericles
538 2373 635 2452 atque
651 2353 849 2443 Alcibiades,
870 2372 903 2425 et
926 2356 1042 2428 eadem
1055 2381 1057 2388 ⁴

83 2482 188 2536 aetate
197 2465 432 2563 Thucydides,
446 2464 587 2552 subtiles,
599 2462 706 2552 acuti,
716 2463 833 2534 breves
843 2514 860 2551 ,.
877 2461 1045 2538 sententiis

83 2574 205 2673 magis,
229 2600 330 2673 quam
341 2575 451 2650 verbis
465 2574 675 2646 abundantes.
700 2568 1042 2670 Nonpotuiffetacci«

83 2685 249 2772 dere,ut
266 2710 369 2762 unum
382 2684 461 2756 ellet
483 2683 633 2754 omnium
655 2709 778 2782 genus,
817 2686 876 2758 nisi
901 2680 1042 2785 ahhuem

82 2793 145 2867 srbi
156 2812 384 2892 proponerent
395 2794 438 2866 ad
450 2793 657 2896 imitandum.
707 2795 883 2868 Consecuti
898 2797 971 2870 sunt
980 2799 1043 2871 hos
1090 2839 1093 2845 ·

82 2904 232 3005 Critias,
255 2907 495 2997 Theramenes,
522 2905 643 3005 Lysias
667 2906 768 2978 multa
787 2907 900 3005 Lysiae
925 2906 1044 3001 scripta
1112 2961 1121 2972 .

53 3012 59 3023 ’
83 3017 180 3107 sunt,
203 3017 361 3089 nonnulla
378 3017 520 3091 Critiae:
554 3018 594 3090 de
614 3016 821 3090 Theramene
847 3019 1045 3090 audivimus.
1113 3088 1117 3097 ,

84 3148 204 3197 omnes
226 3125 325 3197 etiam
340 3145 411 3199 tum
434 3125 617 3200 retinebant
645 3126 736 3196 illurn
758 3124 875 3195 Pericli
887 3124 1044 3208 surcum3
1132 3163 1134 3169 ·

55 3313 60 3323 ,
84 3234 144 3309 sed
157 3237 364 3332 erantpaulo
378 3239 532 3310 uberiore
549 3236 617 3309 filo.
666 3241 753 3309 Ecce
771 3233 831 3306 tibi
851 3251 986 3307 exortus
998 3233 1045 3305 est
1064 3268 1096 3321 9⁴
1147 3301 1149 3346 A

84 3337 272 3431 Isocrates,
298 3342 450 3439 magister
464 3343 601 3416 istorum
623 3343 791 3432 omnium,
814 3343 905 3415 cuius
921 3343 1045 3432 eludo,
1077 3347 1080 3352 ’
1109 3404 1112 3410 .

87 3454 245 3546 tanquam
259 3477 300 3525 ex
312 3476 400 3550 equo
416 3453 585 3539 Troian0,
604 3454 686 3524 meri
700 3452 865 3550 principes
880 3453 1046 3526 exierunt:

85 3558 144 3647 sed
163 3585 282 3633 eorum
307 3564 427 3659 partim
453 3561 489 3633 in
506 3587 656 3659 pompa,
683 3564 856 3660 partimin
879 3564 947 3635 acie
969 3562 1047 3639 illu·
1098 3640 1100 3644 ,
1146 3587 1149 3590 ·

89 3667 169 3742 stres
191 3671 256 3742 else
279 3673 465 3744 voluerunt.
515 3675 625 3769 Itaque
651 3690 684 3745 et
710 3674 777 3761 illi,
815 3671 1047 3764 Theopompi,
1070 3695 1111 3767 ²3

87 3782 243 3878 Ephori,
269 3782 408 3880 Philisti,
431 3787 636 3876 Naucratae,
672 3783 830 3948 multiqpp
850 3783 904 3854 alii
925 3781 1048 3857 naturis

357 3905 358 3908 ,
838 3903 862 3972 4
1108 3951 1109 3954 Ἴ
1147 3894 1149 3905 .
