2302 4304
342 275 565 370 traua
613 299 664 368 11.
728 344 732 353 .
939 317 1050 391 107¹

10 492 12 553 j
49 459 191 535 omnino
213 484 381 558 nunquam
403 460 588 559 attigerunt.
615 456 771 554 Denique
791 454 1006 557 etiamaphi·
1028 486 1071 553 14

10 558 12 565 ’
50 569 202 668 losophia
222 570 388 670 proserius
410 571 564 668 princeps
585 569 802 664 Xenophon,
823 568 1006 648 Socraticus
1025 584 1054 647 st

50 678 219 779 ille,'post
232 684 274 756 ab
294 681 468 765 Aristotele
486 683 719 768 Callisthenes,
740 703 853 753 comes
866 679 1007 750 Alexan-

51 789 125 879 dri,
152 790 278 888 scripsit
310 789 502 864 historiam:
529 809 563 864 et
592 791 648 864 lric
669 787 812 887 'quidem
839 787 1008 861 rhetorico

50 922 157 995 paene
179 925 275 976 more
295 900 370 974 :ille
397 925 507 975 autem
525 902 696 1004 superior,
722 899 846 973 leniore
864 900 1028 997 quodam·

52 1007 137 1080 sono
163 1008 328 1103 estustu,
351 1013 466 1110 etqui
491 1012 610 1084 illum
602 1028 762 1108 tmpetum
778 1008 920 1083 oratoris
941 1035 1010 1082 non

53 1118 190 1223 habeat,
230 1121 409 1209 vehemens
445 1121 578 1195 sortasse
603 1124 734 1212 minus,
762 1121 818 1195 sed
845 1121 1012 1219 aliquanto

52 1229 253 1321 tamenesl,
275 1249 313 1306 ut
336 1231 418 1334 milti
441 1235 577 1356 quidem
600 1233 758 1324 videtur,
788 1231 925 1308 dulcior.
941 1233 1033 1304 Mi-

54 1338 166 1437 nimus
195 1355 275 1411 natu
305 1328 427 1416 horum
461 1344 613 1416 omniunt
645 1344 823 1432 Timaeus,
850 1363 1009 1440 quantum

54 1469 168 1554 autem
190 1449 334 1527 iudicare
350 1450 503 1552 possum,
515 1455 613 1555 longe
630 1454 877 1545 eruditissimus,
902 1469 935 1527 et
955 1477 1009 1524 re·

54 1584 133 1638 rum
158 1559 256 1657 copia
286 1583 321 1634 et
343 1561 573 1640 sententiarun
599 1564 755 1641 varietate
779 1561 1012 1635 abundantiffi-
1089 1598 1091 1604 =

55 1666 157 1760 mua,
179 1689 213 1742 et
241 1670 309 1769 ipsa
336 1675 577 1771 compositione
603 1677 785 1749 verborum
807 1699 877 1747 non
898 1676 1010 1772 impo-

55 1781 156 1874 litus,
181 1808 333 1882 magnam
355 1785 576 1883 eloquentiam
602 1788 644 1859 ad
668 1787 875 1863 scribendum
890 1788 1011 1880 attulit,

55 1893 112 1967 sed
140 1892 266 1965 miltun
287 1893 379 1966 usum
405 1893 578 1973 sorensem.
1085 1920 1092 1933 ·

105 2005 201 2076 Haec
224 2029 298 2076 curn
317 2003 370 2076 ille
390 2005 533 2096 dixisset,
554 2004 647 2099 Quid
669 2006 756 2079 est
718 2008 865 2106 ,inquit
883 2007 1011 2100 Catule,
1031 2035 1062 2086 59

57 2116 202 2195 Caesar?
227 2115 284 2188 ubi
310 2117 406 2207 sumt,
436 2116 494 2214 qui
527 2119 709 2191 Antonium
739 2121 865 2190 Graece
895 2136 1014 2216 negant

56 2223 165 2299 scire?
204 2243 288 2322 quot
311 2223 483 2305 historicos
502 2224 710 2302 nominavit?
736 2249 835 2321 quant
850 2224 1012 2296 scienter?

57 2337 314 2435 quamproprie
335 2338 377 2409 de
394 2348 611 2436 'unoquoque>
625 2335 733 2408 dixit?
758 2336 797 2406 Id
819 2334 1015 2425 mehercule,
1036 2368 1039 2377 ·
1099 2347 1100 2352 ’

57 2439 168 2544 inquit
194 2446 344 2538 Catualau,
370 2447 551 2538 admirans,
573 2446 652 2518 illud
671 2445 737 2539 iant
758 2444 868 2516 mirari
891 2442 1014 2536 desine,
1086 2472 1089 2477 ·

64 2561 158 2656 quod
181 2560 286 2634 multo
312 2561 413 2660 magis
433 2578 507 2632 ante
531 2558 694 2648 mirabar,
712 2557 819 2645 hunc,
838 2580 914 2628 curn
935 2556 1015 2630 haec

62 2670 220 2761 nesciret,
245 2671 282 2753 in
312 2671 455 2745 dicendo
473 2669 565 2768 poffe
582 2686 717 2745 tannim.
750 2668 868 2767 Atqui,
887 2668 1015 2759 Catule,

62 2779 170 2878 inquit
188 2781 370 2872 Antonius,
386 2805 456 2853 non
481 2804 545 2878 ego
563 2780 732 2852 utilitatem
752 2779 892 2876 aliquam
912 2777 953 2851 ad
966 2778 1016 2849 di-

62 2888 207 2961 cendum
225 2880 405 2986 aucupans,
429 2888 549 2960 horum
571 2887 689 2976 libros,
712 2902 745 2958 et
766 2884 942 2955 nonnullos
962 2881 1016 2952 ali·

62 3017 120 3084 os,
143 2994 201 3068 sed
217 2995 446 3090 ¹delellationis
476 2996 588 3086 causa,
615 3022 690 3070 cum
712 2993 759 3071 est
781 2994 899 3080 otium,
910 2993 1015 3088 legere

57 3103 164 3188 soleo
195 3106 288 3199 Quid
310 3130 391 3204 ergo
408 3105 480 3179 est?
509 3107 653 3178 fatebor:
675 3105 799 3203 aliquid
819 3121 947 3175 tamen:
969 3119 1016 3194 ut,
1031 3124 1063 3175 ⁶0

61 3239 138 3288 uun
167 3216 205 3288 in
239 3217 306 3290 sole
329 3219 513 3312 ambulem,
543 3221 664 3327 etiamst
691 3223 787 3296 aliam
816 3223 862 3293 ob
889 3224 1016 3297 causam

56 3330 247 3420 nubilem,
281 3321 354 3425 'fien
386 3351 498 3405 natura
533 3349 663 3423 tamen,
688 3350 725 3404 ut
756 3332 919 3434 coloret3
950 3334 1048 3426 stc,¹

10 3436 12 3445 '
64 3462 140 3510 cum
165 3439 245 3513 istos
275 3419 377 3514 libros
405 3445 446 3514 ad
478 3444 640 3520 Misenum
670 3443 774 3544 (nam
804 3449 929 3520 Romae
957 3448 1065 3521 vix

65 3543 171 3646 ticet)
200 3547 371 3623 studiosius
397 3552 548 3650 legerim,
571 3553 676 3625 sentio
702 3554 884 3658 orationem
910 3578 1016 3626 meam

68 3659 208 3744 illorum
220 3668 305 3738 tactu
327 3666 415 3765 quast
433 3668 585 3750 colorari.
603 3665 676 3739 Sed·
695 3694 735 3741 ne
759 3670 850 3740 latius
869 3668 935 3767 hpc
953 3687 1017 3734 vo«

69 3770 116 3858 bit
140 3791 252 3886 patere
273 3777 439 3869 videatur,
463 3779 720 3883 haec-duntaxat
740 3780 775 3849 in
803 3775 937 3848 Graecis
966 3773 1027 3853 ins*
