2304 4304
398 292 693 367 ursani
828 379 833 390 ,
965 314 1013 388 47

52 471 246 568 eloquentes
259 467 428 557 facerent,
453 455 492 541 ea
513 468 673 566 quosdam
688 467 888 559 observasse,
914 489 1014 564 atque

10 584 12 655 ξ
53 577 225 674 idegisl'e:
263 575 307 649 fic
326 573 391 647 elle
414 600 484 647 non
521 576 743 674 eloquentiam
776 600 817 646 ex
843 573 1013 663 artificio,

10 666 13 725 l
54 683 106 755 sed
119 681 299 756 artificium
319 709 361 755 ex
375 684 564 783 eloquentia
583 704 712 756 natum:
733 683 824 780 quod
836 704 964 773 tamen,
977 702 1014 754 ut

10 826 12 847 ÷
54 814 128 863 ante
144 793 247 889 dixi,
269 817 341 864 non
363 793 480 867 eiicio:
504 793 551 865 est
577 794 666 866 enim
685 791 809 866 etiamsi
832 784 937 863 minus
956 817 1015 864 ne-

10 974 12 979 ,
54 901 228 975 cellarium
242 903 285 973 ad
296 902 381 973 bene
401 902 575 976 dicendum
586 890 602 992 ,'
620 923 730 976 tamen
753 904 795 975 ad
816 901 1016 1000 cognoscen-

10 1058 12 1083 2
55 1015 131 1086 dum
150 1039 225 1087 non
244 1012 408 1086 illiberale.
456 1016 499 1086 Et
519 1011 713 1085 exercitatio
736 1011 898 1109 quaedam
917 1010 1016 1082 susci·
1036 1038 1081 1087 147

56 1127 176 1223 pienda
190 1124 292 1199 vobis
305 1122 352 1195 est
366 1150 374 1196 :
390 1146 660 1221 quamqrnmvos
673 1120 807 1218 quidem
820 1121 1017 1219 iampridem

56 1238 128 1312 estis
146 1239 185 1309 in
199 1234 319 1308 cursu:
345 1233 400 1307 sed
419 1235 468 1325 ii,
493 1235 551 1332 qui
568 1233 796 1331 ingrediuntur
811 1236 846 1305 in
859 1233 1018 1322 stadium,

58 1347 181 1445 quique
197 1371 255 1431 ea,
280 1369 364 1441 quae
393 1342 606 1441 agendasunt
627 1343 662 1413 in
683 1342 783 1429 soro,
807 1338 962 1442 tanquam
982 1346 1018 1418 iu

59 1458 292 1556 acie,poffimt
311 1458 409 1529 etiarn
424 1482 511 1528 nunc
533 1455 771 1528 exercitatione
792 1457 881 1554 quast
893 1457 1017 1529 ludicra

59 1568 264 1666 praediscere
287 1593 325 1640 ac
339 1568 500 1642 meditari.
550 1571 645 1640 Hanc
668 1568 793 1664 ipsam,
817 1570 924 1668 inquit
941 1570 1015 1641 Sul·
1039 1581 1096 1659 148⁴

59 1683 187 1778 picitrs,
213 1679 307 1753 nolle
322 1680 495 1755 volumus:
521 1696 665 1751 attamen
687 1679 769 1770 ista,
793 1706 877 1778 quae
903 1683 1015 1753 abste

59 1788 208 1863 breviter
243 1789 284 1859 de
313 1807 381 1860 arte
403 1783 538 1860 decursa
569 1785 667 1876 sunt,
706 1785 816 1857 audire
847 1787 1017 1882 cupimus,

59 1925 264 1999 quamquam
281 1899 355 1972 sum
373 1901 469 1974 nobis
484 1925 617 1999 quoque
635 1926 704 1973 non
712 1902 865 1976 inaudita.
890 1908 1019 1978 Verum

60 2013 115 2085 illa
133 2037 243 2085 mox:
269 2037 378 2103 nunc,
403 2014 444 2086 de
457 2013 526 2111 ipsa
536 2014 772 2088 exercitatione
785 2016 866 2114 quid
879 2015 1019 2108 sentias,
1095 2051 1099 2060 ·

59 2147 260 2223 quaerimus.
295 2202 297 2207 Α
424 2197 431 2214 ,
503 2144 506 2151 ·
723 2212 725 2217 .
827 2153 830 2157 ·

111 2236 276 2332 Equidem
294 2234 405 2331 probo
430 2233 509 2326 isla,
539 2235 671 2308 Crassus
689 2235 822 2332 inquit,
846 2258 930 2331 quae
956 2222 1022 2308 uos
1043 2252 1084 2326 33

61 2341 176 2415 facere
207 2343 344 2433 solerie,
381 2362 443 2433 ut,
480 2342 575 2414 causa
602 2343 709 2438 aliqua
734 2341 840 2436 posita
863 2338 1089 2416 consimili-149

65 2451 234 2525 causarum
254 2479 392 2543 earum,
417 2476 502 2550 quae
521 2452 556 2521 in
578 2450 694 2522 forum
719 2448 935 2540 deferuntur,
974 2450 1025 2522 di·

65 2563 147 2636 catis
161 2589 260 2661 quam
282 2564 424 2636 maxime
440 2563 482 2634 ad
491 2562 666 2634 veritatem
680 2561 950 2634 accommodate:
969 2561 1025 2636 sed

67 2672 216 2773 plerique
230 2676 264 2748 in
278 2677 344 2750 hoc
362 2700 486 2750 vocem
500 2674 630 2765 modo,
656 2699 763 2772 neque
783 2662 856 2746 eam
874 2675 1026 2769 scienter,

67 2805 103 2857 et
121 2785 211 2858 vires
232 2805 387 2860 exercent
405 2785 497 2876 suas,
520 2805 554 2858 et
582 2785 711 2884 linguae
730 2787 929 2861 celeritatem
946 2789 1025 2862 inci·

67 2914 161 2987 tant,
184 2898 433 2994 verborumque
450 2897 634 2995 frequentia
648 2888 856 2970 deleslantur.
906 2901 943 2968 ln
957 2922 1026 2996 quo

67 3004 153 3076 fallit
163 3030 246 3094 θος,
271 3008 364 3102 quod
382 3007 574 3095 audierunt,
598 3010 725 3076 dicendo
744 3010 906 3093 homines,
930 3031 965 3076 ut
977 3013 1028 3077 di·

69 3142 167 3204 cant,
184 3119 405 3213 efficeresoltre.
457 3124 546 3192 Vere
565 3118 653 3190 enim
673 3117 772 3190 etiam
787 3115 864 3192 illud
883 3116 1027 3210 dicitur,
1048 3144 1094 3195 150

61 3233 200 3327 perverse
226 3235 344 3317 decere,
368 3235 531 3320 homines,
560 3232 692 3323 perverse
714 3232 859 3316 dicendo,
873 3229 1029 3318 fhcillirne
1097 3219 1100 3232 ¹

68 3337 223 3430 consequi.
273 3336 503 3429 Quamobrem
516 3335 552 3404 in
564 3331 629 3403 istis
644 3331 718 3427 ipfis
728 3331 1029 3425 exercitationibus,

70 3445 129 3516 etsr
141 3445 221 3517 utile
240 3444 286 3519 est
296 3487 310 3535 ,⁴
331 3446 429 3517 etiam
452 3442 560 3515 subito
580 3439 672 3537 saepe
696 3440 827 3531 dicere,
853 3460 964 3514 tamen
989 3444 1029 3512 il·
1076 3468 1080 3476 ·

70 3554 129 3627 lud
151 3555 288 3646 utilius,
314 3555 422 3628 sumto
437 3554 542 3652 spatio
556 3553 598 3625 ad
620 3552 856 3652 cogitandum,
886 3553 1030 3650 para-tius

72 3685 171 3762 atque
199 3663 380 3739 aceruatim
405 3667 524 3740 dicere.
573 3663 681 3760 Caput
707 3685 816 3738 autem
843 3665 913 3755 est,
938 3663 1031 3759 quod

73 3772 131 3872 (ut
143 3802 226 3855 vere
254 3777 379 3878 dicam)
399 3779 538 3854 ‘innume
559 3776 696 3853 facimus
731 3775 796 3876 (est
819 3774 908 3865 enim
920 3775 1033 3873 magni
