2302 4304
392 308 700 392 BRUTUS
955 347 1024 420 „7

64 473 248 548 derandum
271 473 317 549 est
330 492 346 549 t·
378 477 570 573 praesertim
595 504 673 553 cum
706 481 802 578 pauci
827 481 963 580 pingere
986 513 1024 559 e*

66 583 339 682 gregia-possint,
371 604 427 658 aut
457 584 602 684 tingere3
629 591 773 684 operarii
807 610 936 680 autem,
970 610 1025 665 aut

67 698 170 771 baiuli
192 698 297 771 deeffe
315 723 384 770 non
406 697 540 794 poffint.
588 699 651 770 Sed
677 723 798 798 perge,
834 702 1025 798 Pomponi,
1045 727 1094 797 74

62 807 106 879 de
126 804 285 898 Caesare,
310 829 344 880 et
365 808 467 879 redde
485 830 570 904 quae
596 804 726 878 restant
1045 823 1092 889 ιιι

111 918 228 991 Solum
248 918 403 1016 quidem,
437 915 545 1013 inquit
570 915 641 1006 ille,
672 934 705 991 et
722 916 812 1014 quasi
826 916 1028 990 fundamen·

65 1042 139 1098 turn
157 1027 302 1098 oratoris
322 1025 438 1115 vides,
464 1025 671 1097 locutionem
690 1027 896 1099 emendatam
920 1045 955 1099 et
969 1028 1030 1099 La·

60 1137 192 1222 tinam3
219 1137 311 1210 cuius
332 1161 536 1235 penesquos
558 1136 628 1208 laus
643 1137 751 1211 adhuc
768 1137 855 1226 suit,
876 1139 1030 1215 nonfuit
1101 1192 1104 1199 ·

62 1250 224 1341 rationis,
249 1275 306 1324 aut
328 1251 501 1340 scientiae,
534 1248 588 1323 sed
607 1250 698 1349 quasi
718 1252 833 1324 -bonae
851 1253 1030 1326 consuetu-
1058 1264 1078 1277 ''

56 1354 162 1426 ditiis.
211 1356 315 1430 Mitto
347 1358 387 1428 C.
414 1356 581 1444 Laelium,
614 1356 650 1430 P.
678 1355 880 1452 Scipionem.
915 1351 1030 1431 aetatis

61 1459 152 1532 illius
177 1459 236 1533 ista
257 1461 321 1535 fuit
342 1464 432 1552 laus,
458 1481 614 1561 tanquam
638 1462 875 1561 innocentiae,
898 1463 944 1536 stc
964 1467 1028 1539 Lar

64 1571 138 1644 tine
156 1571 339 1671 ·loquendi;
376 1598 437 1647 nec
460 1575 612 1647 omnium
644 1593 764 1649 tamen.
799 1598 875 1647 nam
897 1573 1031 1649 illorum

65 1682 241 1780 aequales,
281 1683 465 1757 Caecilium
497 1698 531 1755 et
563 1686 761 1772 Pacuvium,
793 1683 879 1753 male
898 1684 1031 1757 locutos

65 1795 231 1868 videmus.
261 1794 316 1869 sed
342 1819 458 1870 omnes
481 1815 554 1869 tum
582 1794 671 1881 fere,
692 1796 762 1893 qui
784 1818 846 1867 nec
865 1815 957 1868 extra
974 1806 1032 1869 ur·
1069 1810 1079 1823 “

67 1905 147 1978 bem
170 1906 254 1980 hanc
282 1908 459 1997 vixerant,
484 1933 546 1980 nec
574 1930 634 1979 eos
655 1907 761 2004 aliqua
780 1906 947 1982 barbaries
963 1909 1029 1980 do-

67 2017 203 2091 mestica
236 2019 474 2112 infuscaverat,
500 2025 586 2094 rede
607 2021 836 2117 loquebantur.
864 2021 927 2091 Sed
946 2021 1032 2099 han'c

66 2145 161 2198 certe
178 2152 247 2202 rent
269 2131 468 2203 deteriorem
489 2130 633 2207 vetustas
651 2129 753 2219 fecit,
771 2147 804 2201 et
823 2133 979 2214 Romae,
998 2146 1032 2204 'et

67 2238 106 2309 in
127 2241 276 2317 Graecia.
308 2241 541 2315 confluxemnt
570 2242 713 2313 enimet
737 2242 901 2328 Athenas,
938 2241 1032 2311 etin
1068 2245 1071 2250 ’

69 2348 158 2420 hanc
171 2351 299 2422 ‘urbem
319 2352 413 2425 multi
438 2351 608 2448 inquinate
636 2350 809 2445 loquentes
832 2346 1031 2447 exn-diversis

68 2459 164 2533 locin
191 2487 260 2560 quo
281 2455 391 2562 magia·
404 2463 633 2560 expurgandus
654 2458 701 2534 est
720 2460 851 2546 sermo,
879 2477 913 2528 et
934 2456 1031 2528 adhi-

70 2569 181 2643 benda
192 2589 381 2672 ,tanquam
403 2573 556 2661 obntsla,
585 2573 692 2663 ratio,
719 2596 820 2669 quae:
817 2569 950 2643 mutari
961 2578 1032 2651 noir

70 2679 202 2777 potesi3
228 2709 290 2756 nec
311 2685 473 2757 utendum
492 2667 680 2782 praviffima
708 2676 953 2783 consuetudinis
975 2704 1031 2753 re-

71 2790 160 2888 gula.
193 2792 488 2886 T.Flamininum,
513 2796 571 2894 qui
594 2821 681 2870 cum
690 2797 735 2889 Q
751 2791 891 2867 Metello
916 2790 1032 2867 consul
1052 2823 1087 2873 ι,
1115 2784 1119 2791 ’

70 2899 139 2972 suit
142 2925 261 2998 ,puerr
251 2904 443 2977 vidimus:
456 2850 698 2980 eitisiimabatur
717 2905 801 2977 bene
814 2904 911 2975 lanne
923 2899 1033 2997 loqui

70 3008 131 3081 sed
150 3011 257 3084 literas
269 3013 442 3089 nesciebat.
460 3015 596 3090 Catulus
609 3014 742 3088 eratrlle
751 3014 884 3110 quidem
895 3012 1031 3087 minime

59 3119 248 3210 indocto,
277 3142 346 3195 uta
363 3142 397 3196 te
409 3126 508 3220 paulo
521 3125 567 3198 =esl
589 3126 825 3198 anelinum:
850 3122 906 3193 sed
920 3138 1050 3194 tamen·

70 3223 214 3299 suavitas
236 3227 357 3319 vocis,
369 3249 417 3302 et
432 3230 513 3305 lenis
534 3231 710 3327 appellatio
730 3228 917 3315 liternum,-
948 3226 1031 3303 bene

70 3331 232 3430 loquendi
253 3334 375 3409 samam
396 3336 596 3413 confecerat.
644 3338 766 3421 Cotta,
787 3335 878 3434 quia
886 3335 918 3409 se
934 3335 1032 3409 valde

59 3443 247 3517 'dilatandis
280 3443 382 3520 literis
409 3471 428 3518 a
454 3436 663 3519 similitudine
685 3471 832 3544 graecae
853 3447 1032 3520 locutionis

69 3532 293 3640 abstraxerat,
330 3551 528 3649 sonabatque
559 3551 760 3629 contrarium
787 3552 927 3639 Catulo,
956 3549 1031 3621 sub-

69 3656 198 3757 agreste
220 3660 378 3757 quiddam
403 3662 563 3757 planeque
593 3658 828 3750 subrusticum,
867 3658 928 3728 alia
955 3659 1030 3754 qui-

66 3775 173 3868 dem,
199 3773 292 3879 quali
305 3774 427 3854 inculta
443 3796 478 3851 et
494 3771 680 3851 silvestri
646 3799 703 3851 vta
712 3827 727 3868 ,
752 3773 793 3847 ad
809 3771 946 3849 eandem
960 3770 1030 3846 lau-
1114 3807 1116 3810 >
