2302 4304
293 298 296 303 ¹
376 290 745 381 itanum„
843 255 846 262 ’
928 292 1020 364 sn

49 454 144 527 niam
162 452 204 527 de
221 465 340 526 ornatu
352 422 447 524 omni
461 450 642 538 orationis,
658 452 732 525 sunt
744 477 884 543 onmes,
908 451 1016 536 finon

50 565 233 664 patefalli,
257 584 291 639 at
309 581 401 641 ,certe
415 562 665 637 commonstrati
683 564 777 637 loci:
801 589 911 654 nune,
935 565 1016 662 quid

55 697 170 774 aptum
181 679 247 767 fit,
270 678 339 751 hoc
356 673 424 764 est,
451 675 530 773 quid
545 675 689 747 manime
706 675 820 748 deceat
842 675 877 746 in
888 674 1015 748 oratio-

56 810 122 876 ne,
150 784 332 861 videamus.
368 810 570 883 quamquam
601 786 637 858 id
655 785 790 882 quidem
809 783 1017 880 perspicuum

59 895 125 988 est,
153 923 226 970 non
250 898 345 971 omni
367 898 503 989 causae,
547 924 611 971 nec
626 897 791 992 auditori,
814 923 920 995 neque
942 923 1018 995 per-
1100 950 1104 959 .

58 1003 180 1092 sonae,
201 1031 308 1104 neque
321 1007 467 1103 tempori
484 1030 665 1104 congruere
676 1005 835 1079 orationis
851 1032 953 1079 unum
967 1034 1018 1106 ge·

59 1143 127 1191 nus.
176 1121 264 1192 Nam
286 1137 321 1192 et
340 1120 453 1193 causae
466 1122 583 1218 capitis
597 1121 696 1194 alium
717 1121 882 1218 quendam
896 1122 1020 1196 verbo-
1034 1157 1079 1202 ιη
1120 1178 1124 1186 .

59 1252 133 1299 rum
146 1227 263 1302 sonum
281 1231 475 1328 requirunt,
497 1231 597 1304 alium
619 1257 732 1304 rerum
751 1230 955 1327 privatumn
969 1249 1018 1304 at-

57 1361 124 1434 que
144 1361 347 1433 parvanmt:
369 1362 402 1413 et
419 1339 509 1412 aliud
526 1340 658 1414 dicendi
679 1365 780 1437 genus
805 1338 1018 1412 deliberatio-

57 1473 140 1540 nes,
162 1448 248 1522 aliud
264 1449 490 1541 laudationes,
514 1450 603 1523 aliud
627 1450 773 1541 iudicia,
796 1450 884 1524 aliud
900 1449 1021 1523 sermo.

58 1585 141 1650 nes,
163 1559 251 1633 aliud
264 1561 469 1652 consolatio,
490 1563 578 1634 aliud
608 1561 824 1661 obiurgatio,
849 1561 935 1634 aliud
956 1562 1019 1633 dis-

56 1670 214 1765 putatio,
255 1672 345 1744 aliud
369 1671 503 1746 historia
533 1673 701 1748 defiderat.
734 1673 871 1747 ‘Refert
899 1674 1019 1758 etiam,

53 1782 113 1879 qui
143 1783 305 1874 audiant,
342 1784 492 1876 senatus,
525 1811 567 1857 an
591 1787 756 1883 populus,
802 1811 844 1856 an
870 1785 1020 1857 iudices:

53 1891 354 1991 frequentes,an
311 1897 531 1992 anpauci,
569 1904 611 1967 a'n
648 1896 788 1995 finguli·
841 1912 874 1968 et
910 1892 1082 1993 quales

55 2003 115 2099 ipfi
146 2031 281 2103 quoque
312 2022 490 2099 emtores,
526 2032 592 2104 qua
615 2005 677 2079 smt
700 2026 829 2097 aetate,
864 2005 1019 2095 honore,

55 2113 281 2206 auctoritate,
330 2115 433 2187 debet
460 2113 590 2188 videri:
626 2133 755 2210 tempus
780 2112 868 2208 pacis
891 2136 933 2181 an
958 2109 1021 2182 bel·

55 2224 106 2315 li,
146 2226 361 2300 festinationis
389 2255 431 2300 an
467 2229 540 2301 otii.
611 2231 724 2322 ltaque
756 2225 823 2296 hoc
869 2223 947 2292 loco
972 2220 1084 2290 ni-212

54 2335 104 2408 hil
120 2335 197 2407 sane
229 2335 301 2423 est,
334 2337 426 2434 quod
456 2336 602 2433 praecipi
633 2332 726 2430 polle
748 2333 925 2418 videatur,
963 2327 1022 2399 nist

55 2462 94 2517 ut
124 2443 267 2543 figtuam
302 2449 464 2521 orationis
499 2447 682 2546 plenioris,
713 2463 747 2517 et
772 2441 961 2531 tenuioris,
990 2458 1023 2512 et

55 2552 138 2626 item
164 2557 249 2631 illius
267 2560 471 2650 mediocris,
510 2558 630 2648 adid,
664 2556 758 2655 quod
783 2554 936 2653 agimus,
965 2581 1022 2628 ac·

56 2669 309 2748 commodatam
342 2672 537 2770 deligamus.
591 2671 792 2744 ornamentis
819 2670 940 2742 'iisdem
973 2673 1022 2746 uti

55 2776 129 2848 fere
168 2777 306 2869 licebit,
346 2780 422 2851 alias
461 2777 671 2865 contentius,
707 2777 782 2851 alias
810 2777 1021 2852 summimus:

56 2889 217 2986 omnique
233 2890 267 2961 in
287 2916 322 2962 re
341 2891 453 2987 polle,
480 2894 573 2989 'quod
590 2891 725 2982 deceat,
751 2890 876 2979 facere,
897 2891 975 2964 attis
987 2913 1021 2964 et

56 3015 193 3068 naturae
213 2996 281 3084 ell3
306 2998 410 3090 scite,
434 2999 534 3098 quid,
549 3000 755 3099 >quandoque
778 3000 915 3088 deceat,
939 3023 1021 3094 pru-

58 3105 200 3180 dentiae.

106 3215 171 3285 Sed
194 3215 275 3291 haec
300 3216 368 3314 ipsa
386 3219 500 3293 onmia
520 3178 658 3314 perinde
685 3217 782 3307 sunt,
812 3234 849 3289 ut
869 3234 1017 3322 aguntur
1039 3220 1083 3312 56

59 3321 191 3413 Anio,
181 3351 341 3422 mquam,
365 3328 402 3399 in
415 3328 562 3400 dicendo
576 3354 641 3400 una
651 3329 856 3401 dominatur
878 3330 943 3402 fine
956 3329 1018 3402 hac
1034 3360 1081 3410 213

59 3429 203 3505 summus
216 3458 332 3507 orator
346 3436 432 3509 effe
423 3462 459 3508 m
479 3464 620 3528 tunneto
634 3439 724 3511 nullo
735 3441 862 3537 potest3
886 3443 1018 3515 medio·

61 3542 149 3627 cris,
171 3543 234 3615 hac
257 3544 450 3637 insttustus,
478 3547 624 3620 summos
639 3548 904 3647 saeposuperare.
928 3551 1017 3622 Huic
1076 3634 1079 3642 ¹

60 3656 180 3747 primos
204 3659 328 3731 dediffe
345 3662 588 3739 Demosthenes
610 3660 753 3745 dicium,
777 3687 853 3732 ctnn
878 3683 1015 3755 togate·

61 3780 127 3858 nu,
153 3769 235 3866 quid
257 3772 292 3843 in
306 3768 541 3848 dicendo'effet
565 3774 730 3871 ptimum;
755 3773 831 3846 huic
849 3771 1019 3864 secimdas,
