2302 4304
39 299 42 307 ·
148 228 253 388 ,μ’
405 230 927 366 nuonrloun.

1127 168 1141 317 l

140 441 1097 552 meum,clarissimumvirum,qi1iillumaseadolesconl
1131 436 1143 519 i

141 583 174 634 te
192 564 348 653 Athenis,
376 565 441 636 iam
454 565 606 637 affetum
621 565 800 656 senedute,
822 565 945 637 multos
959 565 1029 637 dies
1036 590 1098 637 au·
1117 597 1143 663 ·.'

80 689 123 761 19
142 671 245 748 drlum
268 675 331 748 effe
344 676 484 750 dicebat.
511 679 600 749 Haec
615 695 741 766 autem,
762 695 803 749 ut
827 701 871 748 ex
898 674 1097 772 Apennino,

91 787 123 850 ⁶9
141 784 331 876 fluminum,
351 786 395 858 fic
414 811 458 857 ex
478 787 646 859 communi
667 784 858 883 sapientium
883 784 991 881 iugo,
1024 785 1096 856 sunt

82 928 86 937 ,
141 895 365 966 doctrinarum
387 893 471 965 falla
500 890 668 980 divortia,
701 915 739 966 ut
756 890 987 990 philosophi,
1027 909 1097 962 tan-
1139 918 1143 929 ·

52 1016 60 1030 “
139 1027 239 1101 quam
261 1004 296 1075 in
316 1004 467 1100 superum
493 1030 581 1076 mare
614 1005 743 1109 Ionium
764 1003 971 1089 defluerent,
995 1003 1097 1072 Grae-
1133 1014 1143 1061 ‚3

59 1136 62 1141 ·
141 1137 219 1184 cum
235 1113 426 1211 quoddam,
450 1133 482 1186 et
500 1112 718 1210 portuosum:
757 1132 910 1186 oratores
937 1129 1046 1184 autem
1062 1111 1097 1180 in

141 1218 285 1293 inferum
317 1222 560 1318 hocuTuscum
591 1225 849 1313 erumnarum,
888 1215 1097 1319 scopulosum

141 1349 238 1428 atque
252 1333 426 1423 infestum,
450 1335 654 1425 labermtur,
677 1337 712 1408 in
725 1360 793 1434 quo
812 1337 910 1408 etiam
923 1335 991 1433 ipse
999 1331 1097 1432 Ulys-

93 1462 124 1512 ιο
141 1439 188 1511 ses
205 1441 344 1514 erraffet.
393 1446 536 1535 Quare,
574 1444 676 1517 fihac
701 1445 888 1543 eloquentia
907 1462 1007 1543 atque
1033 1445 1098 1515 hoc

139 1569 275 1620 oratore
288 1554 436 1624 contenti
448 1552 576 1644 sumus,
600 1555 657 1654 qui
670 1554 765 1643 sciat,
790 1574 845 1627 aut
864 1580 984 1654 negare
996 1581 1100 1651 opor·

142 1674 230 1751 tere,
252 1662 344 1759 quod
356 1689 506 1762 arguare,
523 1654 975 1763 aur,s1idnonpoffit,tum
988 1664 1098 1738 osten·

141 1769 250 1864 dere,
266 1774 358 1869 quod
386 1774 413 1846 is
430 1774 567 1865 fecerit,
606 1776 664 1874 qui
687 1774 909 1865 insimuletur,
936 1790 992 1847 aut
1013 1776 1099 1847 rede

142 1877 290 1968 fadum,
315 1900 370 1954 aut
390 1883 520 1958 alterius
542 1888 638 1982 culpa
652 1904 707 1956 aut
725 1885 864 1976 iniuria,
889 1902 946 1957 aut
957 1912 1001 1958 ex
1015 1887 1098 1984 lege,

143 2006 198 2058 aut
224 2013 294 2060 non
306 2013 420 2062 contra
433 1991 563 2093 legem,
585 2010 639 2063 aut
657 1992 898 2088 imprudentia,
923 2009 980 2064 aut
994 1993 1101 2066 neces·

142 2096 243 2188 sarm,
270 2116 407 2172 autnon
421 2126 463 2173 eo
483 2102 618 2173 nomine
633 2100 877 2196 usurpandum,
903 2123 975 2197 quo
990 2123 1100 2196 argua-

93 2278 95 2282 .
143 2225 212 2298 tur,
243 2229 297 2282 aut
325 2213 458 2282 nonita
480 2211 554 2308 agi,
582 2211 799 2295 utdebuerit,
826 2233 865 2293 ac
880 2208 1038 2294 licuerit;
1059 2228 1104 2294 et,

142 2315 167 2388 fi
188 2316 261 2392 satis
279 2318 342 2390 else
362 2320 495 2416 putatis,
517 2346 567 2410 ea,
591 2344 672 2417 quae
691 2318 740 2389 isti
753 2317 927 2413 scriptores
944 2320 1025 2392 artis
1042 2319 1102 2390 do·

144 2451 243 2520 cent,
277 2432 424 2525 discere,
447 2459 529 2532 quae
549 2433 657 2505 multo
678 2451 786 2503 tamen
799 2434 970 2521 ornatius,
1004 2456 1103 2529 quam

144 2543 185 2615 ab
207 2543 271 2616 illis
299 2545 479 2634 dicuntur,
510 2569 544 2617 er
566 2542 696 2616 uberius
718 2541 896 2638 explicavit
914 2541 1104 2625 Antonius;

144 2651 198 2724 scd
210 2705 221 2740 ,
242 2651 267 2721 sr
287 2652 337 2725 his
360 2655 507 2726 contenti
530 2654 630 2742 estis,
656 2677 751 2752 atque
763 2654 802 2725 iis
823 2654 934 2745 etiam,
958 2654 1103 2750 quaedi-

144 2761 175 2833 ci
193 2761 345 2834 voluistis
375 2789 395 2834 a
423 2791 503 2836 me:
547 2794 589 2841 ex
610 2766 736 2864 ingenti
758 2767 906 2864 quodam
933 2783 1105 2839 oratorem

143 2877 368 2976 immensoque
390 2903 509 2974 campo
521 2881 555 2952 in
570 2883 722 2978 exiguum
733 2882 807 2954 sane
817 2907 938 2980 gyrum
952 2880 1104 2978 compel·
1128 2924 1131 2928 -

92 3024 121 3071 71
144 2986 239 3062 litia.v
266 2989 322 3061 Sin
345 2995 491 3062 veterem
505 2990 598 3063 illum
622 2992 800 3080 Periclem,
823 3010 879 3064 aut
889 2992 979 3064 hunc
994 2993 1106 3080 etiam,

143 3101 202 3196 qui
223 3098 418 3171 familiarior
432 3099 528 3173 nobis
541 3121 679 3199 propter
699 3102 896 3201 scriptorum
921 3102 1108 3176 multitudi

144 3239 220 3288 nem
233 3213 280 3284 est
288 3214 605 3340 ,Demosthenem
632 3216 721 3315 sequi
741 3217 879 3307 vultis,
889 3235 941 3304 et,
964 3213 990 3286 sr
1014 3213 1109 3306 illam

48 3341 75 3418 ’1
143 3323 343 3418 praeclaram
365 3343 398 3396 et
415 3326 568 3398 eximiam
570 3314 731 3423 speciem
745 3325 888 3397 oratoris
915 3321 1056 3419 perfedli
1075 3339 1109 3394 et

144 3434 418 3530 pulchritudinem
431 3437 616 3524 adamastis,
633 3454 687 3508 aut
699 3435 798 3509 vobis
818 3435 898 3506 haec
908 3431 1109 3518 Carneadia,

93 3580 125 3629 72
145 3564 200 3615 aut
212 3542 267 3615 illa
286 3541 520 3615 Aristotelia
487 3570 537 3619 vis
551 3541 859 3638 comprehendenda
876 3537 932 3611 est.
951 3540 1110 3636 Namque

52 3750 53 3755 ἵ
93 3733 94 3736 ,
147 3655 211 3752 (ιιι
221 3673 293 3727 ante
306 3652 393 3753 dixi)
421 3675 550 3728 veteres
571 3654 619 3724 illi
613 3653 742 3781 usque
763 3653 805 3724 ad
817 3654 1007 3741 Socratem,
1034 3675 1108 3721 om

145 3787 221 3834 nem
242 3788 393 3834 omnum
416 3787 549 3850 rerum,
587 3787 670 3858 quae
702 3761 747 3839 ad
770 3785 880 3833 mores
909 3747 1143 3892 hominum„

846 3878 853 3913 l

66 3908 120 4008 ι
