2302 4304
122 302 192 385 500
278 276 357 350 ne
395 272 643 385 orrtuo
680 254 937 349 cruente

118 437 269 515 contenti
288 435 376 533 quast
400 435 491 524 bona
510 427 720 523 valetudine,
733 420 808 512 'sed
832 436 945 528 vires,
984 435 1088 512 lacer·

68 608 82 645 ·.
118 571 194 643 tos,
220 550 413 647 sanguinem
436 566 619 645 quaerunt,
644 548 809 642 quandam
831 549 935 624 etiam
949 551 1097 624 suavita·-

30 727 36 741 .
118 681 188 736 tent
211 662 345 736 coloris.
365 684 424 732 eos
436 658 627 747 imitemur,
652 655 882 754 srpoffumus:
907 659 1087 753 sinminuS,

120 774 195 848 illos
224 773 354 895 potius,
391 771 449 868 qui
473 771 667 869 incorrupta
691 771 826 846 sanitate
850 775 952 866 sunv,
983 769 1087 877 (quod

112 880 171 954 est
193 879 369 976 proprium
392 878 631 977 Atticorum)
659 904 759 978 quarn
778 907 857 973 eos,
881 908 1029 982 quorum
1040 916 1087 961 vr

83 1008 102 1061 9
121 991 205 1065 tiosa
224 989 424 1074 abundantia
444 989 512 1078 est,
525 989 637 1087 quales
651 990 725 1060 Asta
738 993 862 1083 multos
869 994 958 1067 ruht
985 999 1084 1090 Quod

110 1097 401 1186 annueremus,
428 1094 471 1194 (ti
494 1097 600 1168 modo
620 1096 655 1170 id
667 1087 774 1193 ipsum
788 1066 1020 1196 aliequenrur:
1043 1103 1085 1176 etl

121 1209 211 1282 enirn
226 1208 507 1308 permagnum,)
499 1208 668 1282 imitemur
676 1262 688 1298 ,
698 1209 931 1309 fipnterimus,
946 1215 1084 1314 Lysian,

120 1341 157 1394 et
179 1321 249 1394 eius
277 1323 414 1417 quidem
442 1323 637 1397 tenuitatem
662 1318 878 1420 pou'ffimur‘n.
916 1328 966 1401 est
1001 1331 1092 1405 enirn

120 1402 267 1508 indas
257 1461 293 1507 tn
311 1436 394 1509 locis
411 1437 600 1539 grandior:
624 1436 680 1513 sed
701 1435 779 1534 quia
802 1457 837 1511 et
860 1441 1010 1537 privatas
1035 1444 1101 1518 ille'

120 1544 313 1642 plerasque,
347 1562 381 1622 et
403 1570 457 1618 eas
481 1544 563 1641 ipsas
586 1545 678 1634 aliis,
714 1561 748 1618 et
769 1571 951 1644 parvarum
978 1575 1080 1626 return

120 1655 267 1730 causulas
287 1655 438 1755 scripsit,
458 1655 593 1729 videtur
611 1654 729 1727 elle
689 1657 831 1730 ieiunior
839 1661 1084 1760 ,quoniamse
1119 1743 1121 1761 Ι

120 1765 191 1864 ipse
213 1768 364 1842 consulto
380 1769 424 1841 ad
440 1753 651 1840 minutarbnt
660 1774 782 1866 generi
803 1772 976 1845 causarum
996 1764 1079 1846 lima·
1114 1765 1121 1809 ³

75 1875 220 1968 averit.
269 1877 376 1989 Quod
394 1872 452 1976 qui
469 1875 514 1949 ita
536 1875 653 1968 faciet,
679 1901 736 1967 ut,
759 1877 786 1948 st
812 1880 927 1976 cupiat
951 1885 1077 1957 uberior

120 1985 207 2076 elle,
232 2012 303 2059 non
321 1966 441 2083 pollit,
463 1987 622 2065 habeatur
637 1987 713 2059 sane
730 2002 866 2079 orator,
889 1989 946 2063 sed
960 1993 1058 2064 de
1018 2020 1076 2066 nn

108 2094 282 2169 notibus:
318 2106 479 2194 mag'no
458 2113 573 2166 autent
600 2092 744 2166 oratori
758 2094 859 2167 etiarn
887 2097 948 2170 illo
979 2103 1076 2173 modo

69 2203 214 2302 rt·saepe
237 2196 417 2277 dicendum
447 2202 523 2275 est
515 2231 550 2276 ιιι
581 2203 637 2275 tali
660 2227 779 2301 genere
802 2205 987 2281 causarum.
1034 2215 1075 2283 lta
1103 2278 1106 2290 .

76 2390 80 2403 Ι
119 2307 179 2400 fit,
205 2332 243 2384 ut
264 2309 515 2387 Demosthenes·
529 2334 618 2386 certe
638 2308 743 2406 'poffit
759 2312 928 2386 summitte
953 2317 1073 2390 dicere:

117 2419 201 2492 elate
214 2419 327 2519 Lysias
337 2418 471 2493 fortalle
493 2444 562 2492 non
579 2417 686 2517 poffit.
710 2418 813 2490 Sedfi
835 2421 959 2494 eodem
978 2427 1075 2496 modo

15 2580 16 2587 ι
116 2545 255 2624 putant,
280 2527 426 2599 exercitu
456 2526 493 2598 in
516 2526 595 2599 foro
620 2545 653 2598 et
679 2527 714 2598 in
742 2526 900 2623 omnibus
929 2534 1073 2629 templis,

101 2653 202 2728 -quae
224 2628 352 2702 circum
375 2629 489 2703 sorum
507 2630 597 2725 sunl,
624 2630 808 2723 collocato,
834 2634 901 2706 dici
925 2664 992 2735 pro
1018 2643 1075 2712 Mi.

114 2739 194 2812 lone
217 2741 381 2833 decuiffe,
419 2765 457 2816 ut
474 2744 510 2833 si„⁴
527 2745 569 2817 de
589 2770 625 2818 te
648 2744 776 2843 privata
798 2747 841 2838 acl
860 2772 969 2822 unum
994 2751 1075 2825 iudi·

113 2874 188 2923 cem
206 2852 411 2945 diceremus;
435 2855 509 2927 virn
525 2856 736 2952 eloquentiae
749 2854 804 2927 sua
818 2853 997 2952 facultate,
1011 2888 1073 2934 non

62 2985 91 3022 ¹1
113 2965 162 3036 rei
182 2982 317 3055 natura,
342 2964 531 3037 metiuntur.
580 2968 694 3058 Quare
713 2955 872 3063 quoniam
894 2973 1073 3045 nonnullo·

111 3095 188 3146 turn
215 3074 324 3147 senno
353 3061 419 3146 iarn
445 3073 631 3200 increbuit,
663 3077 787 3172 partim
812 3074 938 3173 seipsos
970 3084 1073 3159 Attice

111 3185 242 3278 dicere,
276 3185 399 3282 partim
431 3185 597 3258 neminem
625 3186 775 3258 nostrum
797 3186 934 3263 dicere.
959 3195 1074 3270 alteros

109 3295 325 3392 negligamus.
350 3296 425 3370 satit
438 3297 527 3370 eninr
546 3296 665 3370 histes
687 3295 754 3392 ipsa
773 3273 1072 3404 respondet,curn

39 3440 48 3455 ·
108 3423 166 3476 aut
191 3429 260 3476 non
279 3399 497 3487 adhibeantur
524 3410 567 3497 ad
592 3407 722 3496 causas,
744 3427 800 3480 aut
822 3409 967 3487 adhibiti
993 3416 1073 3490 deti·

107 3514 255 3592 deantur.
276 3537 352 3588 nant
373 3514 397 3587 fi
417 3518 663 3607 arriderentur,
691 3515 771 3590 effer
790 3517 827 3590 id
853 3520 964 3618 ipsum
987 3527 1071 3600 Atti·
1087 3607 1091 3618 ,

29 3640 31 3644 “
106 3644 236 3697 cortun.
261 3627 343 3699 Sed
339 3629 414 3726 qui,
437 3608 504 3704 <lici
527 3624 659 3706 anobis
675 3632 790 3706 Attico
813 3659 928 3729 more,
947 3643 1071 3732 nolunt,

102 3727 165 3829 ipsi
184 3754 317 3835 autem,
347 3738 380 3815 se
404 3764 489 3814 non
501 3760 653 3822 oratores
677 3741 765 3837 elle,
800 3743 1028 3842 profitentur3
1049 3750 1070 3836 li

568 3895 572 3901 .
994 3878 1011 3906 0

63 3984 81 4032 h
