2302 4304
129 343 203 418 4„
447 270 783 384 onarou

128 482 215 577 ipsi,
246 476 305 576 qui
328 491 361 550 et
380 473 488 561 baec,
499 487 551 541 et
575 468 637 542 alia
663 468 761 541 nobis
786 466 1024 546 tradiderunt?
1056 489 1090 538 an

129 583 440 668 hisconrentieffe,
464 577 602 678 quaeab
615 575 677 650 illis
689 577 776 648 diua
796 573 1090 670 sunt‚poffumusl

130 699 196 771 Sed
217 697 298 794 quid
316 715 460 793 quaero,
483 689 633 763 velisne.
658 712 735 759 curn
752 685 857 758 literis
879 685 962 775 tuis,
984 685 1089 758 erudi·

131 808 251 882 tiffime
281 806 427 902 scriptis,
463 822 498 875 te
523 799 558 871 id
585 798 641 870 vel
661 799 806 868 maxime
819 795 907 867 velle
921 795 1111 894 perspexe-

112 915 223 988 rim?
250 915 397 1001 Primum
411 937 492 1010 ergo
513 908 780 1008 origo,·deinde
799 906 926 995 causa,
949 905 1023 1004 post
1034 933 1089 979 na·

132 1048 232 1147 turra,
254 1043 326 1096 tum
347 1025 391 1096 ad
405 1040 590 1096 extremum
603 1017 678 1092 usus
695 1017 763 1116 ipse
776 1016 963 1115 explicetur
974 1017 1089 1091 oratio·

133 1134 302 1230 nisaptae
319 1155 417 1231 atque
438 1129 641 1206 numerosae.

183 1244 271 1313 Nam
297 1243 354 1362 qui
385 1242 561 1313 Isocratem
592 1235 733 1310 maxime
759 1232 1114 1324 mitanntr,hoc1n.

133 1346 203 1418 eius
225 1349 358 1418 liunmis
387 1349 539 1423 laudibus
565 1332 697 1434 serunt,
721 1343 815 1466 quod
846 1287 963 1416 verbis
985 1342 1089 1416 solutis

132 1479 289 1526 numeros
301 1480 427 1552 primus
440 1456 636 1527 adiunxerit.
661 1455 749 1526 Cum
762 1452 854 1525 eninr
862 1453 1013 1540 videret,
1023 1477 1088 1526 ora
1125 1456 1127 1481 '

132 1584 311 1639 torescum
328 1566 501 1640 severitate
525 1566 656 1653 audiri,
677 1583 794 1664 poetas
807 1581 921 1634 autem
940 1578 1087 1640 etimvo-

88 1694 92 1701 ·
130 1676 275 1774 luptate:
301 1698 373 1751 tum
388 1679 507 1750 dicitur
521 1702 676 1750 numeros
690 1677 817 1749 secutus
831 1732 845 1766 ,
867 1677 1087 1776 quibusetiam

134 1785 170 1857 in
183 1790 335 1860 oratione
349 1810 537 1879 uteremur,
556 1815 633 1861 cum
654 1787 865 1860 iucunditatis
888 1786 1008 1879 causa,
1024 1807 1087 1860 tum

69 1919 113 1970 ¹75
134 1918 171 1971 ut
196 1902 337 1972 varietas
356 1921 546 1974 occurreret
571 1900 718 1973 satietati.
755 1901 864 1994 Quod
888 1901 931 1973 ab
954 1842 1008 1973 his²
1017 1922 1088 1974 vere

91 2005 274 2102 quadam
296 2031 467 2106 exparte,
490 2035 557 2080 non
576 2026 708 2099 totum,
731 2009 864 2081 dicitur.
889 2013 978 2082 Nam
991 2008 1087 2081 nemi·

132 2138 209 2184 nem
223 2115 257 2185 in
279 2139 322 2186 eo
341 2140 460 2212 genere
473 2115 625 2189 scientius
645 2117 808 2192 versatum
829 2113 992 2204 Isocrate,
1018 2143 1087 2191 con

133 2220 294 2294 sitendum
313 2223 377 2297 esl:
403 2224 458 2298 sed
481 2225 633 2322 princeps
651 2227 841 2299 inveniendi
867 2227 929 2300 suit
947 2227 1086 2326 Tlnasy·

35 2422 38 2433 y
132 2337 292 2422 machus3
325 2337 417 2409 cuius
442 2338 554 2409 omnia
581 2339 678 2412 nimis
706 2338 803 2411 etiarn
823 2339 952 2411 exstant
973 2339 1087 2435 scripta
1112 2345 1113 2350 ’

132 2445 317 2518 numerose.
342 2449 451 2533 Nam,
476 2470 513 2520 ut
530 2450 627 2546 paulo
646 2467 719 2521 ante
734 2449 821 2538 dixi,
847 2452 1086 2548 pariaparibus

131 2554 308 2642 adiunsla,
336 2574 368 2626 et
386 2555 532 2628 similiter
551 2557 707 2647 definita,
746 2560 894 2656 itemque
920 2560 1086 2633 contrariis

132 2667 234 2739 relata
256 2671 439 2756 contraria,
455 2696 538 2767 quae
555 2672 610 2743 sua
626 2672 740 2768 sponte
755 2670 895 2763 (etiamst
911 2671 948 2742 id
969 2695 1039 2741 non
1054 2695 1084 2740 a·

129 2772 222 2868 gas,)
239 2774 361 2846 eadunt
382 2777 574 2875 plerumque
595 2780 786 2869 numerose,
806 2780 955 2878 Gorgias·
967 2780 1085 2876 primus

128 2878 279 2953 invenit:
322 2882 378 2954 sed
400 2885 451 2954 his
474 2885 520 2955 esl
546 2887 620 2957 usus
641 2887 923 2984 intemperantius.
954 2889 991 2960 id
1028 2914 1083 2959 au·

128 3007 196 3062 tem
214 2989 261 3062 est
273 3015 388 3090 genus,
407 3011 444 3065 ut
453 3012 526 3067 ante
540 2997 665 3069 diuum
678 2998 744 3090 est,
774 3024 816 3071 ex
834 2998 1084 3096 tribuspartibus

63 3115 110 3175 176
129 3099 358 3176 collocationis
378 3102 525 3180 alterum·
550 3108 683 3180 Horum
695 3127 834 3204 uterque
852 3109 1028 3183 Isocratem
1041 3130 1083 3176 ae

126 3224 192 3279 tare
205 3213 388 3301 praecurrit
403 3241 412 3284 τ
434 3233 470 3295 ut
484 3240 542 3289 eos
561 3217 613 3288 ille
626 3217 876 3308 moderatione,
887 3242 959 3290 non
971 3217 1082 3291 inven-

124 3316 217 3388 tione
230 3320 359 3394 vicerit.
373 3323 427 3395 Est
435 3326 524 3398 enim
537 3382 549 3417 ,
573 3347 611 3400 ut
622 3328 656 3400 in
671 3327 906 3421 transferendis
914 3323 1083 3400 faciendis·

122 3452 189 3524 que
202 3427 314 3531 verbis
331 3437 562 3530 tranquillior,
586 3437 630 3511 sic
643 3439 678 3509 in
686 3439 762 3534 ipsis
775 3439 923 3510 numeris
937 3436 1082 3510 sedatior.

122 3540 265 3636 Gorgias
281 3556 389 3611 autem
408 3545 538 3616 avidior
551 3547 597 3618 esl
615 3547 746 3644 generis
757 3546 847 3633 eius,
872 3563 907 3618 et
931 3546 983 3616 his
996 3542 1081 3616 felli-

121 3652 278 3727 vitatibus
299 3651 360 3750 (fic
377 3656 467 3730 enim
480 3657 548 3753 ipse
570 3660 695 3751 censet)
718 3657 913 3758 insolentius
926 3660 1081 3733 abutitur:

119 3783 200 3857 quas
227 3764 385 3839 Isocrates
409 3765 510 3864 (cum
529 3786 646 3848 tamen>
659 3770 832 3864 audivisset
857 3770 894 3846 in
921 3770 1080 3850 'slaeffalia
