2302 4304
146 292 214 389 ,n
464 257 823 367 hunnus?

79 473 121 544 9¹
192 452 316 540 Nunc,
336 447 500 551 'quoniam
521 469 631 527 totum
656 479 735 545 me,
759 478 830 532 non
849 479 962 533 naevo
984 457 1086 557 aliquo

77 584 123 635 3¹3
143 583 200 637 aut
226 565 438 662 crepundiis,
460 563 516 637 sed
550 588 694 660 corpore
715 567 831 656 omni,
862 569 988 644 videris
1010 567 1086 642 velle

142 677 344 773 cognoscere
358 729 370 765 ,
392 676 590 772 complediar
604 676 760 748 nonnulla
773 678 895 768 ctiam,
921 704 1005 778 quae
1019 680 1083 752 sor·

140 783 219 857 tasse
230 785 403 859 videantur
421 787 529 858 minus
546 786 730 860 necessaria.
779 791 858 860 Erat
877 814 921 862 eo
943 808 1084 889 tempore

135 889 177 961 in
202 890 297 963 nohis
318 892 443 963 summa
479 892 639 989 gracilitas
666 914 700 966 et
721 892 895 968 infirmitas
922 899 1082 995 corporis,

52 1054 56 1069 .
141 1021 318 1093 procerum
336 1022 369 1071 et
387 1017 484 1071 renue
507 999 648 1071 collum:
674 1000 731 1097 qui
756 1000 932 1082 habituset
954 1029 1036 1101 quae
1052 1001 1102 1073 si.

140 1131 221 1202 gura
239 1131 307 1178 non
326 1105 444 1203 procu]
457 1105 563 1178 abesse
582 1124 746 1202 putatura
764 1107 852 1179 vitae
867 1110 1040 1205 periculo,
1062 1110 1081 1181 ti

139 1224 265 1297 accedit
278 1223 372 1293 labor
392 1239 426 1292 et
443 1221 579 1291 laterum
594 1242 711 1314 magna
733 1221 920 1293 contentio.
975 1224 1081 1319 quue

138 1334 240 1430 magis
258 1330 324 1401 hoc
344 1355 427 1417 eos,
453 1329 571 1424 quihus
584 1352 673 1403 eram
692 1351 812 1429 carus,
839 1333 1081 1421 commovebat,

136 1442 229 1536 quod
241 1438 352 1510 omnia
371 1437 436 1508 sme
456 1434 660 1522 remissione,
680 1434 746 1507 srne
757 1435 936 1528 varietate,
952 1440 990 1512 vi
1006 1442 1080 1512 sum-

136 1570 190 1617 ma
199 1549 315 1638 vocis,
342 1566 376 1621 et
401 1547 503 1621 totius
524 1546 677 1640 corporis
699 1547 916 1620 contentione
931 1548 1078 1626 dicebam.

71 1679 120 1732 314
135 1657 247 1754 ltaque
269 1682 345 1729 cum
360 1680 413 1728 me
435 1676 469 1730 er
483 1653 581 1726 amici
607 1672 640 1725 et
654 1652 774 1726 medici
793 1654 1023 1744 hortarentur,
1047 1673 1076 1730 ut

134 1765 243 1839 causas
262 1792 357 1863 agere
374 1756 580 1848 desisterem,
607 1761 751 1860 quodvis
773 1761 885 1857 potius
905 1767 1077 1861 periculum

132 1880 215 1952 mihi
234 1881 447 1969 adeundum,
472 1903 572 1975 quam
584 1902 603 1948 a
615 1875 738 1972 sperata
751 1876 885 1949 dicendi
901 1878 1008 1976 gloria
1021 1879 1075 1952 dis·

110 2016 115 2025 ·
130 1992 312 2065 cedendum
329 1993 453 2089 putavi.
476 1991 552 2079 Sed,
565 2015 639 2062 cum
655 1986 830 2078 censerem,
854 1990 1041 2064 remissione
1051 2007 1076 2063 et

70 2144 73 2157 ·
125 2100 355 2173 moderatione
373 2099 494 2190 vocis,
515 2116 549 2172 et
573 2113 778 2170 commutato
799 2121 921 2193 genere
944 2098 1075 2188 dicendi,

127 2237 181 2284 me
202 2231 236 2284 et
256 2211 436 2308 periculum
455 2210 559 2284 vitare
577 2208 689 2312 posse,
716 2227 749 2278 et
764 2210 979 2304 temperatius
995 2211 1074 2283 dice·

126 2345 187 2406 re3
213 2340 250 2393 ut
266 2320 532 2393 consuetudinem
558 2318 688 2390 dicendi
717 2337 896 2409 mutarem,
927 2345 966 2391 ea
990 2318 1073 2394 causa

124 2429 207 2500 mihi
230 2429 389 2502 inAsram
404 2427 633 2525 proficiscendi
660 2427 732 2498 fuit.
792 2432 908 2526 Itaque
931 2456 1008 2502 cum
1033 2429 1071 2502 es·

124 2541 192 2613 sem
204 2543 372 2614 biennium
388 2542 533 2616 versatus
546 2542 581 2611 in
593 2540 710 2629 causis,
735 2557 769 2613 et
794 2542 862 2612 iam
880 2543 917 2612 in
931 2542 1012 2614 foro
1025 2567 1070 2614 ce·

121 2652 284 2724 sebratum
296 2679 407 2726 meum
425 2678 549 2725 nomen
565 2646 663 2741 esset,
688 2653 796 2756 Roma
810 2651 883 2722 sum
896 2653 1068 2748 professus

62 2760 211 2857 iirCum
223 2763 383 2835 venissem
397 2763 560 2850 Athenas,
584 2762 640 2834 sex
652 2762 776 2834 menses
798 2787 876 2833 cum
895 2764 1068 2850 Antiocho,

84 2922 87 2929 -
122 2871 241 2944 veteris
258 2875 453 2946 Academiae
470 2873 670 2944 nobiliffimo
692 2890 724 2944 et
738 2874 994 2968 prudentiffimo
1006 2876 1066 2973 phi·

67 3034 69 3039 ·
120 2980 282 3080 losopho‚
314 2981 388 3071 fui,
428 2981 635 3077 studiumque
655 2979 883 3077 philosophiae
907 3006 1065 3082 nunquam

117 3093 354 3185 intermissum,
379 3120 398 3167 a
424 3094 595 3191 primaque
622 3091 839 3166 adolescentia
861 3094 990 3166 cultum
1003 3148 1026 3185 ,.
1041 3109 1066 3163 et

116 3204 246 3300 semper
262 3207 408 3295 nussum,
432 3204 497 3276 hoc
511 3204 619 3276 rursus
645 3202 774 3275 summo
796 3202 932 3274 aridiore
946 3226 981 3275 et
995 3204 1064 3275 doc·

115 3330 207 3399 tore,
232 3313 416 3389 renovavi«
453 3312 581 3385 Eodem
595 3330 704 3383 tamen
714 3329 865 3406 tempore
883 3313 1022 3386 Athenis
1038 3338 1063 3383 a·

115 3423 185 3520 pud
199 3423 408 3495 Demetrium
429 3426 550 3522 Syrum
563 3476 573 3508 ,
602 3439 749 3495 veterem
762 3442 795 3492 et
808 3444 878 3490 non
893 3422 1062 3519 ignobilem

112 3529 248 3604 dicendi
260 3530 467 3626 magistrum,
491 3530 631 3628 studiose
645 3527 792 3599 exerceri
809 3526 968 3603 solebam.
998 3527 1061 3604 Pod
1116 3592 1117 3603 ,

112 3665 134 3711 a
149 3667 203 3712 me
221 3637 296 3712 Asta
314 3658 386 3711 tota
401 3657 571 3737 peragrata
591 3637 662 3727 est,
682 3663 758 3710 cum
785 3637 923 3712 siunmis
936 3639 1059 3738 quidem
1115 3687 1118 3728 3

113 3750 321 3845 oratoribus,
348 3749 543 3849 quibuscum
569 3748 744 3826 exercebar
764 3746 841 3844 ipsis
864 3748 1057 3832 ludentibus,
1113 3765 1118 3834 j
