2302 4304
116 232 134 263 N

88 309 202 384 ‚xro
372 289 882 376 Duonntouss

150 469 274 550 quanta
301 448 364 538 s1t,
391 449 695 527 histrionum'levis
718 478 769 527 ars
782 471 816 526 et
829 452 924 526 scena
943 453 1113 530 declarat:

110 647 114 655 ι
149 559 188 632 in
212 585 277 656 qua
302 584 378 632 cum
412 585 528 635 onmes
546 560 581 632 in
607 561 693 649 oris,
716 584 750 635 et
773 564 896 654 vocis,
933 582 967 637 et
999 583 1114 638 motus

150 672 380 744 moderatione
414 670 608 763 elaborent,
625 671 698 770 quis
716 672 865 770 ignorat,
892 700 990 772 quam
1015 674 1112 770 pauci

148 783 233 874 sint,
253 782 462 881 fuerintque,
495 807 580 881 quos
609 781 721 858 animo
741 809 847 882 aequo
870 784 1010 882 spedare
1033 785 1113 880 pos·

149 897 276 972 limus?
312 898 404 992 Quid
434 898 541 971 dicam
563 899 604 970 de
628 897 781 971 thesauro
803 923 913 970 rerum
936 899 1111 989 omniurn,

150 1008 341 1084 memorial
382 1035 464 1107 quae
483 1007 544 1084 nisr
578 1009 724 1082 cuslos
716 1010 860 1082 inventis
893 1009 1111 1133 cogitatisque

149 1125 248 1198 rebus
280 1147 314 1197 et
331 1123 441 1198 verbis
459 1119 680 1228 adhibeatur,
712 1120 945 1219 intelligimus,
971 1119 1111 1207 omnia,

147 1235 247 1306 etiam
263 1233 287 1303 sr
305 1206 554 1360 praeclarissima
577 1230 724 1304 fuerint
715 1257 751 1302 ιιι
771 1248 933 1319 oratore,
956 1227 1111 1324 peritura.

99 1377 132 1430 ¹9
148 1348 377 1440 Quamobrem
415 1345 530 1417 mirari
565 1344 780 1434 desinamus,
820 1368 904 1443 quae
940 1339 1034 1414 causa
1071 1342 1112 1414 s1t

147 1454 375 1552 eloquentium
396 1453 588 1551 paucitatis,
612 1479 688 1527 cum
706 1478 748 1525 ex
772 1455 812 1526 iis
830 1456 927 1528 rebus
949 1453 1112 1527 universis

146 1567 334 1666 eloquentia
361 1565 522 1656 constet,
557 1567 678 1666 quibus
693 1642 696 1646 Α
710 1566 746 1638 in
778 1565 909 1661 singulis
939 1566 1111 1641 elaborare

42 1765 48 1778 ,
145 1701 361 1777 permagnum
386 1677 458 1763 est3
490 1676 729 1775 hortemurque
751 1676 863 1774 potius
894 1676 1015 1749 liberos
1044 1703 1112 1750 no-

145 1784 251 1877 stros,
274 1802 501 1886 ceterosque,
528 1811 672 1884 quorum
700 1786 804 1883 gloria
828 1785 924 1858 nobis
946 1804 978 1858 et
997 1781 1111 1884 digni-

145 1913 195 1970 tas
219 1923 294 1972 cara
326 1898 404 2003 est,
435 1923 473 1973 ut
505 1896 618 1970 animo
631 1896 690 1968 rei
718 1894 998 2018 magnitudinem
1008 1919 1109 1968 com·

144 2002 346 2102 pledantur,
371 2034 479 2108 neque
497 2009 543 2081 iis
557 2025 613 2079 aut
626 2005 830 2103 praeceptis,
848 2021 903 2075 aut
923 1992 1110 2101 magistris,
1136 2096 1140 2102 Ι

144 2135 200 2186 aut
219 2117 539 2206 exercitationibus,
569 2114 688 2215 quibus
711 2129 848 2214 utuntur
879 2137 1018 2201 omnes,
1052 2113 1110 2189 sed

144 2220 229 2298 aliis
235 2219 445 2326 quibusdam,
468 2227 504 2300 se.
516 2226 580 2316 id,
607 2223 699 2324 quod
725 2241 908 2319 expetunt,
944 2221 1108 2322 consequi
1140 2302 1143 2309 ,

106 2335 238 2432 6posse
274 2333 455 2411 considant.
471 2345 472 2349 ’
486 2338 535 2410 Ac
563 2359 637 2408 mea
663 2333 796 2433 quidem
825 2332 981 2406 sententia
1005 2359 1109 2407 nemo

98 2456 135 2520 20‘
145 2447 269 2544 poterit
288 2445 353 2521 esse
378 2448 471 2522 omni
493 2448 587 2523 laude
609 2444 792 2520 cumulatus
817 2468 950 2534 orator,
971 2444 1029 2518 nisi
1043 2446 1111 2522 e'rit

147 2556 300 2628 omnium
323 2583 433 2630 rerum
448 2546 655 2657 ¹‘magnarum
678 2577 775 2652 atque
800 2553 918 2625 artium
938 2551 1107 2628 scientiam

144 2667 348 2742 consecutus.
379 2670 509 2741 Etenim
532 2692 575 2741 ex
605 2693 714 2740 rerum
741 2665 934 2763 cognitione
957 2664 1107 2739 efflores·
1142 2661 1145 2665 ’

142 2801 195 2856 cat
229 2803 262 2855 et
286 2781 446 2856 redundet
482 2797 619 2879 oportet
654 2780 791 2852 oratio:
830 2771 916 2875 quae
941 2776 999 2849 nisi
1024 2777 1103 2850 sub-

142 2892 216 2985 est,
241 2917 294 2968 res
327 2893 369 2966 ab
394 2915 529 2966 oratore
559 2908 714 2989 percepta
734 2906 776 2987 et
794 2888 947 2987 cognita,
970 2888 1103 2963 inanem

98 3035 127 3075 ιι
145 3008 310 3104 quandam
335 3005 434 3079 haber
454 2996 675 3080 elocutionem
693 3026 725 3077 et
745 3018 830 3100 pene
850 3003 1016 3099 puerilem.
1035 3002 1106 3075 Ne·

63 3203 67 3210 ¹
144 3141 209 3213 que
232 3142 317 3192 vero
343 3142 409 3216 ego
433 3115 500 3190 hoc
520 3135 648 3188 tannim
674 3112 792 3188 oneris
812 3111 1013 3209 imponam,
1037 3136 1105 3184 no·

143 3228 214 3305 stris
238 3228 427 3328 praesertim
459 3225 669 3314 oratoribus,
695 3221 813 3298 inhac
840 3239 929 3294 tanta
959 3245 1111 3318 occupa-e

143 3338 237 3412 tione
272 3335 390 3428 urbis,
416 3363 456 3412 acw
474 3337 603 3425 ''vitae,
624 3334 708 3407 nihil
741 3354 778 3415 ut
805 3330 843 3406 iis
867 3348 979 3427 putem
1004 3330 1105 3405 licere

144 3450 307 3529 nescire:-
337 3472 538 3547 quamquam
575 3446 629 3521 vis
662 3443 856 3532 oratoris,
877 3438 1103 3538 professioque

144 3559 213 3657 ipsa
241 3552 324 3630 bene
344 3557 505 3647 dicendi,
529 3557 596 3628 hoc
628 3553 788 3652 suscipere
809 3576 854 3622 ac
875 3548 1022 3646 polliceri
1048 3549 1109 3622 vi-

43 3732 45 3738 .
145 3674 265 3764 detur,
293 3689 330 3745 ut
360 3669 453 3743 omni
478 3609 520 3742 de
538 3693 602 3758 re,
621 3685 836 3766 quaecunque
857 3660 896 3735 sit
920 3655 1111 3785 proposua,

99 3799 132 3844 ²2
145 3781 237 3866 ιιι
209 3807 253 3866 eo
284 3800 426 3877 ornate,
451 3779 651 3886 copioseque
677 3779 817 3856 dicatur.
847 3774 910 3850 Sed
934 3770 1112 3878 quianon

197 4113 212 4130 d
