2302 4304
391 349 700 436 BRUTUS
952 386 1018 471 3ᾒ

57 508 232 607 quoddam
259 509 391 586 uberius
419 514 549 597 dicendi
580 543 682 615 genus
712 533 744 592 et
767 521 923 600 ornatius.
972 528 1026 602 Ab

59 639 218 733 utroque
224 643 351 716 autem,
370 628 463 699 causa
485 648 652 726 perorata,
673 631 940 730 srquaereretur,
955 657 1027 713 uter

60 737 240 833 praestaret
261 759 391 831 orator,
417 765 584 839 nunquam
600 743 752 840 prosetlo
770 745 922 842 sapientis
947 750 1028 847 iudi

61 849 152 920 cium
174 850 335 933 aiudicio
357 851 447 950 vulgi
467 851 673 950 discreparet
722 856 791 947 Qui
815 857 1008 952 praestat
964 887 1026 959 rgt
1044 886 1088 962 54

62 975 115 1030 tur
138 960 321 1061 intelligens
342 962 522 1059 imperito?
555 984 674 1059 magna
704 980 796 1034 teet
823 963 969 1040 difficili:
1002 970 1088 1071 s1192

61 1065 199 1160 quidem
220 1090 377 1165 magnum
395 1066 442 1139 est
464 1068 564 1158 scire,
589 1067 709 1165 quibus
726 1069 836 1142 rebus
847 1071 1026 1168 efficiatur,

60 1173 270 1250 amittaturve
295 1177 441 1248 dicendo
470 1175 548 1248 illud
551 1174 739 1272 quidquid
767 1175 833 1266 est,
860 1182 953 1277 quod
974 1201 1084 1263 aut

62 1282 151 1356 effici
184 1285 327 1357 dicendo
359 1304 511 1383 oportet,
549 1304 604 1357 aut
639 1286 743 1357 amitti
774 1312 844 1359 non
881 1312 1027 1389 oportet.
1089 1308 1092 1366 ζ

61 1386 205 1468 Praestat
225 1398 323 1470 etiam
352 1397 409 1471 illo
430 1399 547 1472 dodun
573 1397 704 1469 auditor
731 1399 912 1491 indodo‚
930 1404 1026 1502 quod

59 1480 177 1626 saepe,
203 1529 280 1575 curn
309 1524 457 1578 oratores
481 1509 550 1578 duo
572 1525 627 1578 aut
654 1510 762 1603 plures
788 1510 905 1638 populi
933 1510 1025 1583 iudi-

59 1611 115 1682 cio
138 1613 340 1707 probantur,
377 1603 470 1715 quod
491 1613 622 1690 dicendi
643 1644 747 1714 genus
772 1621 941 1716 optimum
962 1623 1026 1714 fit,

60 1715 223 1813 intelligit.
246 1743 322 1789 nam
352 1718 449 1807 illud,
483 1719 576 1816 quod
594 1721 721 1815 populo
747 1731 816 1791 non
842 1723 1023 1817 probatur,
1127 1793 1128 1797 ,

60 1853 102 1899 ne
125 1824 316 1925 intelligenti
335 1818 468 1926 quidem
494 1829 636 1901 auditori
658 1829 793 1925 probari
812 1829 927 1926 potest.
976 1837 1025 1907 Ut

59 1940 149 2010 enim
174 1963 216 2011 ex
231 1965 412 2013 nervorum
431 1942 513 2013 sono
534 1943 569 2015 in
591 1936 731 2031 fidibus,
757 1963 856 2039 quam
883 1943 1023 2017 scienter

58 2049 83 2121 ii
105 2049 187 2148 pulst
201 2041 284 2140 fin't,
312 2051 446 2151 intelligi
459 2053 562 2142 solet,
586 2052 631 2126 fic
655 2080 696 2125 ex
716 2052 905 2126 animorum
928 2073 1024 2128 motu

59 2163 228 2253 cernitur,
253 2163 334 2262 quid
356 2165 528 2238 tradandis
548 2160 600 2235 his
624 2161 772 2260 perficiat
794 2181 917 2236 orator.
957 2167 1024 2234 Ita·
1038 2195 1088 2233 200

58 2297 125 2370 qne
145 2271 326 2371 intelligens
356 2272 487 2345 dicendi
521 2270 743 2360 existimator,
770 2295 840 2340 non
863 2270 1024 2356 allidens,

59 2399 93 2453 et
103 2399 224 2453 attente
238 2383 391 2473 audiens,
414 2381 471 2454 sed
482 2406 551 2453 uno
564 2379 736 2474 adspectu,
763 2394 796 2449 et
814 2377 1026 2472 praeteriens,
1125 2435 1127 2438 .

59 2487 101 2560 de
125 2505 258 2560 oratore
284 2490 378 2587 saepe
403 2490 537 2561 iudicat.
586 2488 688 2562 Videt
718 2487 910 2560 oscitantem
934 2485 1024 2559 iudi-

58 2627 155 2691 cem,
182 2601 374 2726 loquentem
403 2626 479 2673 cum
505 2600 625 2688 altero,
659 2622 896 2696 nonnunquam
923 2587 1044 2675 etiarn

57 2707 292 2802 circulantem,
320 2713 503 2784 mittentem
517 2710 557 2780 ad
579 2710 697 2800 horas,
725 2708 963 2808 quaesitorem,
984 2725 1023 2781 ut

58 2821 224 2912 dimittat,
251 2841 443 2922 rogantem:
462 2821 626 2919 intelligit,
649 2838 819 2894 oratorem
841 2822 876 2891 in
893 2845 930 2892 ea
945 2844 1021 2893 cau.-

57 2931 92 3004 sa
110 2952 181 3005 non
199 2930 327 3023 adesse,
352 2933 410 3029 qui
433 2930 531 3029 pollit
550 2930 666 3002 animis
685 2929 832 3003 iudicum
855 2929 1022 3014 admove-

57 3071 95 3119 te
116 3047 328 3137 orationem,
353 3053 507 3144 tanquam
542 3043 663 3118 fidibus
691 3069 834 3116 manum.
883 3039 1022 3112 Idemfi

56 3155 259 3253 praeteriens
280 3154 460 3255 adspexerit
482 3157 609 3229 eredos
632 3154 793 3224 intuentes
816 3147 1023 3239 iudices,'ut

56 3280 115 3335 aut
134 3261 250 3334 doceri
272 3264 313 3335 de
340 3287 398 3353 re,
437 3261 539 3360 idque
560 3259 659 3335 etiam
682 3260 777 3334 vultu
796 3258 939 3354 probare
964 3260 1022 3333 vi·
1046 3276 1048 3281 ⁴

56 3376 217 3460 deantur3
242 3392 315 3465 aut,
341 3392 379 3446 ut
397 3399 495 3446 avem
518 3392 616 3445 cantu
638 3371 749 3470 aliquo
756 3383 779 3462 ,'
795 3369 839 3443 stc
864 3371 939 3445 illos
962 3373 1024 3447 vi*
1091 3398 1100 3417 Χ

56 3485 145 3557 derit
177 3486 347 3576 oratione,
387 3482 476 3582 quast
505 3479 695 3578 suspensoS,
724 3481 852 3569 teneri;
873 3499 957 3569 ·‚aut
983 3478 1020 3568 id

55 3596 152 3694 quod
167 3595 310 3668 maxime
332 3619 418 3692 opus
439 3592 505 3682 est,
532 3590 775 3680 misericordia,
803 3591 902 3678 odio,
924 3604 1020 3659 motu

54 3703 161 3775 animi
187 3703 300 3801 aliquo
330 3702 537 3801 perturbatos
564 3695 628 3770 esse
649 3697 894 3772 vehementius:
922 3716 968 3766 ea
993 3692 1020 3771 fi

54 3817 262 3918 praeteriens
281 3818 338 3918 (ut
363 3817 450 3918 dixi)
476 3813 672 3919 adspexerit,
701 3814 727 3887 fi
756 3792 838 3987 ”md
864 3787 1022 3904 audierit,

847 3936 872 3984 ι
