2302 4304
102 207 222 370 '254
388 208 906 340 ‚oaona'rona

147 458 219 504 non
240 429 344 504 modo
358 428 440 501 nihil
462 426 694 526 acquisierint,
719 424 774 496 sed
788 449 830 497 ne
855 422 1008 498 relidam
1031 424 1108 524 quii

86 566 127 638 33
148 541 240 630 dem,
254 559 299 627 ,et
312 538 490 630 traditum,
516 557 551 612 et
569 539 663 611 suum
687 531 976 611 conservaverint
1019 538 1106 611 Tum

86 678 131 734 132
148 651 302 742 Crassus,
317 653 398 723 Non
414 650 450 720 in
462 651 541 740 hac,
562 648 687 746 inquit,
707 673 794 737 una,
819 646 953 738 Catule,
980 672 1041 737 re,
1054 647 1106 720 sed

102 780 107 786 ’
146 760 183 836 in
206 760 274 832 aliis
292 759 392 831 etiam
411 757 659 854 compluribus,
685 755 911 829 distributione
939 757 1105 854 partium,

89 956 92 961 ,
146 898 186 945 ac
208 870 408 968 separatione
421 869 662 966 magnitudines
681 867 754 940 sunt
776 870 895 940 artium
918 867 1105 943 diminutae.

146 986 201 1058 An
218 1001 256 1056 tu
273 979 457 1070 erristimas,
485 1006 559 1052 cum
584 978 661 1052 esset
674 981 896 1076 Hippocrates
912 981 966 1054 ille
989 981 1105 1069 Cous,

25 1122 28 1133 ·
146 1094 241 1167 sitisse
250 1113 323 1166 tum
336 1091 417 1164 alios
429 1091 596 1189 medicos,
621 1095 677 1188 qui
691 1093 841 1182 morbis,
855 1093 950 1184 alios,
963 1094 1022 1191 qui
1032 1093 1103 1168 vul·

146 1207 300 1295 neribus,
324 1204 424 1292 alios,
449 1205 506 1300 qui
529 1203 633 1277 oculis
652 1205 889 1278 mederentur?
915 1233 997 1277 num
1026 1231 1103 1303 geo·

94 1354 97 1361 ’
148 1317 300 1387 metriam
331 1312 464 1384 Euclide
491 1332 559 1388 aut.
573 1314 807 1404 Archimede,
840 1340 922 1386 num
951 1315 1103 1389 musicam

147 1425 306 1496 Damone
328 1439 383 1493 aut
396 1419 616 1506 Aristoxeno,
640 1449 721 1493 num
736 1422 818 1518 ipsas
838 1422 949 1494 literas
980 1423 1102 1496 Aristo·

145 1536 255 1632 phane
269 1554 324 1606 aur
339 1531 544 1605 Callimacho
565 1535 745 1620 uastante,
767 1557 835 1606 tam
857 1534 1036 1630 discerptas
1058 1536 1102 1608 fir·

146 1641 231 1731 isse,
265 1663 302 1713 ut
337 1665 437 1728 nemo
471 1664 575 1737 genus
596 1640 786 1712 rmiversum
813 1641 1102 1736 complederetur,

146 1772 255 1850 atque,
269 1768 305 1824 ut
323 1750 404 1823 alius
417 1748 512 1821 aliam
531 1749 589 1821 srbi
602 1768 747 1845 partem,
776 1751 810 1822 in
831 1776 896 1847 qua
912 1751 1103 1842 elaboraret,

84 1888 130 1941 133
148 1857 321 1954 seponeret
336 1858 350 1928 1
376 1857 537 1955 Equidem
550 1856 644 1954 saepe
656 1860 723 1931 hoc
736 1860 848 1932 audivi
862 1861 902 1931 de
914 1880 1007 1958 patre
1022 1862 1102 1935 etde

147 1969 266 2042 socero
284 1989 383 2054 meo,
399 1963 534 2039 ,nostros
560 1990 695 2062 quoque
721 1967 895 2055 homines,
919 1970 1102 2066 quissexcel·

50 2158 67 2171 .
147 2073 214 2146 lere
232 2071 406 2170 sapientiae
428 2072 533 2170 gloria
554 2072 692 2162 vellent,
717 2075 851 2162 omnia,
876 2101 962 2174 quae
976 2079 1103 2174 quidem
1138 2066 1142 2073 ’

149 2205 221 2260 tum
249 2184 329 2255 haec
363 2180 480 2254 civitas
506 2179 643 2270 nosset,
683 2180 795 2255 solitos
827 2183 891 2254 else
922 2185 1101 2282 compledi.

148 2292 370 2365 Meminerant
392 2290 438 2362 illi
455 2290 527 2361 Sex.
555 2290 710 2382 Aelium,
742 2293 801 2365 Μ’.
823 2319 909 2366 vero
936 2296 1101 2366 Manilium

143 2425 212 2493 ‚nos
243 2399 342 2484 etiam
360 2397 504 2472 vidimus
537 2399 722 2472 transverso
757 2401 978 2474 ambulantem
1004 2402 1101 2489 foro;

148 2506 244 2604 quod
260 2524 329 2578 erat
342 2505 484 2604 insigne,
506 2529 607 2594 eum,
624 2504 682 2601 qui
697 2505 731 2576 id
744 2504 883 2597 faceret,
903 2505 1101 2582 facerecivi·

54 2678 58 2687 ,
148 2619 211 2692 bus
229 2618 383 2690 omnibus
396 2615 522 2688 consilii
547 2614 594 2688 sui
608 2616 768 2714 copiam:
803 2621 844 2691 ad
870 2643 957 2716 quos
975 2620 1100 2693 olimet

148 2729 196 2800 ita
213 2727 429 2815 ambulantes,
450 2744 483 2797 et
511 2724 546 2795 in
562 2725 812 2802 solio'sedentes
826 2727 943 2819 domi,
969 2727 1014 2803 s1c
1038 2730 1101 2803 adi÷

79 2907 81 2911 ,
149 2840 272 2928 batur,
296 2861 366 2909 non
385 2837 492 2910 solum
509 2856 547 2910 ur
564 2837 604 2909 de
620 2838 691 2911 iure
711 2839 802 2914 civili
824 2841 865 2911 ad
891 2865 969 2929 eos,
989 2839 1100 2916 verum

146 2944 248 3017 'etiam
268 2943 308 3016 de
322 2942 389 3015 filia
410 2944 624 3034 collocanda,
644 2947 685 3016 de
699 2945 804 3020 fundo
829 2949 999 3039 emendo,
1020 2950 1060 3022 de
1071 2975 1100 3021 a·

150 3081 215 3152 gro
232 3055 400 3144 colendo,
425 3058 467 3129 de
480 3082 575 3131 omm
564 3057 735 3157 denique
749 3079 805 3133 aut
818 3062 954 3153 officio,
981 3080 1038 3134 aut
1050 3086 1101 3134 ne·

62 3163 247 3272 134gotio
268 3165 455 3240 referretur.
505 3162 596 3242 Haec
616 3167 678 3241 suit
698 3173 734 3243 P.
747 3171 851 3244 Craffi
865 3172 950 3246 illius
964 3175 1100 3264 vereris,

127 3274 230 3347 lraec
247 3276 301 3349 Τ1.
316 3269 544 3370 Coruncanii,
569 3280 650 3353 haec
672 3284 793 3379 proavi
806 3286 919 3384 generi
932 3287 1019 3378 mei,
1038 3285 1100 3360 Sci·

149 3386 281 3483 pionis,
306 3391 553 3517 prudentissimi
557 3392 724 3485 hominis,
748 3396 925 3493 sapientia,
951 3398 1011 3496 qui
1030 3423 1099 3469 onr-
1141 3418 1143 3429 ·

148 3522 208 3570 nes
233 3497 408 3597 pontifices
421 3501 556 3574 maximi
578 3502 732 3595 suertmt,
750 3523 787 3577 ut
799 3508 842 3577 ad
856 3531 915 3580 eos
931 3509 972 3579 de
994 3505 1098 3582 omni·
1120 3502 1124 3512 '

151 3606 212 3678 bus
234 3606 355 3680 divinis
367 3608 466 3706 atque
487 3611 637 3685 hununis
651 3616 749 3699 rebus
764 3615 966 3690 referretur:
993 3617 1099 3690 iidem·

149 3737 217 3813 pue
232 3715 319 3794 etin
340 3715 470 3813 seuaur',
491 3741 525 3795 er
549 3722 635 3819 apud
649 3724 828 3823 populun,
842 3743 875 3808 er
900 3726 936 3802 in
957 3725 1057 3807 caulis
1068 3751 1102 3809 a,
1141 3718 1143 3725 ’

66 3883 149 4024 ιζ
209 4016 288 4050 ,.
