2302 4304
108 293 176 366 na
313 288 957 405 ΜοκΑτφκε-ΙΙ

105 452 217 525 dusius
243 451 403 547 opinione
429 450 537 549 vulgi,
560 467 615 521 aut
641 448 825 521 Antonium
852 445 1064 535 ieiuniorem,

104 580 160 634 aut
187 563 338 634 Crassum
366 562 549 658 pleniorem
585 560 680 632 fuisse
716 577 832 656 putet,
858 562 1063 658 quamquo

104 669 211 741 modo
236 694 256 739 a
287 668 384 740 nobis
415 686 553 764 uterque
584 666 733 771 indusius
769 664 836 757 est,
869 667 897 738 is
928 667 1064 764 eritex

103 781 165 871 iis,
193 781 250 880 qui
277 800 332 853 aut
355 780 427 852 illos
449 782 519 850 non
542 777 724 864 audierint,
751 800 807 850 aut
826 778 975 850 iudicare
992 802 1062 874 non

1 968 5 980 ,
103 891 236 988 possint.
262 893 349 962 Nam
372 889 435 961 fuit
456 885 623 986 uterque(
638 903 674 958 ut
695 884 834 986 exposui
856 885 971 984 antea)
988 911 1063 958 curn

103 997 214 1071 studio
254 1018 353 1098 atque
387 998 522 1099 ingenio
549 1023 583 1073 et
615 994 763 1072 dosirina
795 998 959 1096 praestans
985 1025 1063 1072 om·

104 1107 200 1180 nibus
207 1163 218 1199 ‚
245 1127 317 1181 tunt
344 1109 379 1181 in
406 1110 466 1181 suo
494 1134 613 1209 genere
640 1108 819 1206 persentis,
841 1130 879 1179 ut
900 1131 1010 1204 neque
1028 1108 1064 1178 in

105 1220 257 1291 Antonio
284 1218 403 1289 deesset
429 1219 484 1292 hic
514 1242 650 1294 ornatus
677 1217 862 1308 orationis,
893 1243 1003 1316 neque
1030 1217 1065 1290 in

105 1326 225 1397 Crasso
252 1326 458 1399 redundaret.
963 1343 981 1389 ἱ

70 1443 89 1520 5
155 1436 204 1505 Ut
226 1431 326 1529 igiurr
345 1452 421 1507 ante
441 1435 613 1507 meridiem
637 1435 863 1523 discesserim,
886 1435 1065 1532 paululum·

62 1556 94 1605 17
108 1565 173 1640 que
192 1540 402 1637 requierunt,
430 1543 602 1641 inprimis
631 1546 698 1619 hoc
725 1572 745 1617 a
768 1544 800 1618 se
824 1545 928 1619 Cotta
955 1548 1066 1619 anirn-

107 1661 282 1735 adversum
309 1662 374 1734 esse
407 1662 558 1752 dicebat,
589 1686 690 1735 omne
720 1661 800 1733 illud
825 1678 956 1756 tempus
993 1687 1067 1734 me·

106 1771 271 1844 ridianum
303 1770 454 1843 Crassum
480 1772 516 1844 in
548 1773 707 1844 acerrima
731 1790 828 1867 atque
857 1769 1068 1843 attentissima

108 1883 313 1980 cogitatione
340 1882 500 1979 posuisse,
532 1883 683 1981 seseque,
715 1884 773 1981 qui
805 1881 936 1956 vastum
971 1881 1067 1972 eius,

106 1989 239 2063 cumei
260 1988 437 2061 dicendum
459 1989 558 2078 esset,
587 1990 811 2088 obtutumque-
826 1989 1003 2061 oculorum
1033 1989 1069 2060 in

107 2095 292 2194 cogitando
314 2096 421 2192 probe
449 2096 576 2186 nosse't,
603 2118 701 2195 atque
727 2098 764 2169 in
790 2097 942 2169 maximis
966 2096 1069 2171 caufis

108 2209 204 2307 saepe
236 2207 383 2298 vidisset,
418 2226 490 2283 turn
526 2207 634 2280 dedita
666 2232 788 2303 opera,
827 2205 1069 2304 quiescentibus

109 2319 203 2416 aliis,
228 2319 263 2391 in
290 2344 362 2392 eam
389 2319 568 2391 exhedram
597 2319 742 2408 venisse,
772 2320 807 2390 in
840 2344 905 2416 qua
931 2317 1068 2393 Crassus

108 2430 230 2504 sedulo
260 2431 370 2529 posrto
396 2430 613 2518 recubuisset,
633 2446 808 2526 'quumque
839 2427 979 2501 eumin
1006 2453 1068 2500 co-

110 2542 272 2643 gitatione
299 2543 445 2616 defixum
470 2544 535 2617 esse
562 2540 717 2629 sensssset,
744 2540 856 2625 statim.
884 2538 1068 2625 recessisse,

112 2677 212 2751 atque
233 2654 269 2724 in
290 2680 333 2726 eo
356 2655 482 2755 srbentio
505 2658 584 2729 duas
608 2657 706 2733 horas
733 2657 804 2730 sete
827 2658 890 2730 esse
913 2654 1069 2730 consum-

112 2777 172 2836 tas.
211 2761 344 2834 Deinde
370 2772 472 2867 quum
499 2789 637 2855 omnes,
663 2766 822 2839 inclinato
849 2767 915 2839 iam
940 2767 976 2838 in
1001 2790 1069 2865 po·

113 2867 334 2940 meridianum
365 2893 494 2966 tempus
528 2871 600 2957 die,
632 2867 795 2948 venissent
823 2878 866 2947 ad
898 2875 1069 2966 Crassum,

113 2978 210 3070 Quid
231 2978 292 3066 est,
323 2979 457 3069 Crasse,
487 2980 594 3078 inquit
626 2984 740 3077 ladius,
768 2987 902 3059 imusne-
918 2985 1067 3068 sessum?

69 3117 100 3172 18
116 3091 173 3164 erfi
192 3092 399 3166 admonitum
417 3092 569 3167 venimus
600 3112 650 3186 te,
671 3123 741 3170 non
761 3097 953 3195 flagitatum.
979 3097 1070 3168 Turn

55 3257 58 3261 .
115 3201 259 3293 Crassus,
280 3206 334 3276 An
360 3229 415 3276 me
438 3226 506 3275 tam
528 3197 754 3301 impudentem
776 3207 843 3281 esse
866 3205 1073 3295 existimatis,

115 3327 153 3383 ut
183 3313 282 3386 v'obis
312 3316 380 3387 hoc
419 3312 609 3410 praesertim
648 3341 768 3389 munus
786 3337 914 3412 ¹putem
948 3317 1073 3389 diutius

116 3419 210 3518 posse
238 3418 388 3493 debere?
411 3423 561 3526 Quinam]
578 3422 699 3520 igitur,
722 3424 830 3520 inquit
856 3424 923 3513 ille,
948 3423 1069 3498 locus?

117 3531 221 3616 auin
255 3533 363 3605 media
391 3533 485 3608 silva.
503 3537 632 3632 placet?
669 3538 844 3611 Est'enim
871 3537 898 3608 is
925 3539 1073 3609 maxime

118 3660 153 3714 et
185 3666 330 3739 opacus,
351 3660 384 3715 et
408 3643 555 3742 frigidus.
600 3649 702 3738 Sane,
727 3649 835 3745 inquit
861 3648 1004 3722 Crassus.
1029 3670 1073 3721 et·

120 3753 208 3857 enirn
229 3754 275 3830 est
296 3755 332 3831 in
358 3780 401 3829 eo
426 3756 505 3831 loco
531 3757 621 3848 sedes
647 3759 730 3835 huie
747 3758 862 3854 nostro
883 3785 955 3836 non
975 3762 1074 3861 inop-
