2302 4304
132 337 202 416 ,p
454 312 768 393 saurus

128 474 294 576 explicans
310 474 573 572 expedite,non
585 468 771 555 invenusto
784 481 899 575 auor,
924 484 980 559 sed
987 485 1083 581 iners,

128 603 162 658 et
188 585 340 658 inimicus
366 582 444 656 fori.
492 585 528 657 L.
550 588 672 662 Turius
703 610 810 687 parvo
834 591 997 692 ingenio,
1029 597 1081 672 sed

128 691 235 763 multo
257 690 394 776 labore,
418 714 556 789 quoquo
569 696 674 767 modo
698 716 855 793 poterat,
877 701 972 799 saepe
993 705 1080 778 dice.

127 804 193 877 bat.
242 802 351 899 itaque
378 802 411 876 ei
433 827 552 898 paucae
572 805 736 879 centuriae
749 806 791 879 ad
803 809 1010 884 consulatum
1026 814 1080 886 de·

61 936 109 1007 ηε
127 913 267 988 suerunt
299 914 340 985 C.
360 913 473 985 Macer
489 913 681 989 austoritate
694 915 822 1012 semper
833 917 942 1017 eguit,
955 918 1010 994 sed
1023 920 1079 1011 fin

127 1046 284 1125 patronus
296 1027 544 1123 propemodum
561 1025 825 1125 diligentissimus.
873 1029 1077 1118 Huiusfivi·

127 1159 186 1228 ta,
208 1139 231 1210 sl
258 1163 392 1228 mores,
418 1136 565 1210 srvidrus
590 1136 730 1235 denique
751 1162 821 1210 non
833 1162 975 1214 omnem
988 1166 1077 1217 com·

127 1249 374 1323 mendationem
398 1244 520 1343 ingenii
545 1263 735 1334 everteret,
772 1246 877 1318 maius
899 1274 1023 1324 nomen
1047 1253 1078 1325 in

127 1360 276 1460 patronis
290 1354 408 1428 fuisset.
433 1378 503 1426 non
525 1373 595 1427 erat
618 1356 806 1445 abundans,
833 1381 904 1431 non
919 1360 1017 1459 inops
1031 1384 1078 1436 ta·

128 1497 205 1544 men
224 1496 235 1557 ;
259 1492 331 1540 non
356 1466 611 1555 valde'nitens,
644 1492 713 1540 non
736 1470 830 1568 plane
852 1471 989 1548 horrida
1008 1499 1078 1551 ora·

127 1578 198 1665 tio;
222 1601 318 1664 vox,
334 1574 457 1675 gelius,
479 1592 512 1647 et
525 1575 635 1647 omnis
656 1577 740 1649 allio
762 1578 828 1652 sine
843 1581 974 1678 lepore:
1003 1585 1076 1658 atin

127 1688 357 1774 inveniendis,
400 1688 704 1788 componendisque
735 1691 832 1766 rebus
870 1696 957 1768 mira
987 1723 1077 1772 accu-

128 1802 240 1886 ratio;
265 1823 384 1874 utnon
411 1797 507 1871 facile
526 1799 561 1869 in
572 1799 641 1872 ullo
655 1800 894 1899 diligentiorem
911 1807 1078 1882 maiorem·

113 1936 194 2011 ¹que
216 1909 434 2009 cognoverim
457 1934 468 1994 ;
501 1908 555 1985 sed
581 1934 653 1982 eam
671 1928 708 1982 ut
723 1910 817 1985 citius
838 1917 1077 2006 veteratoriam,

127 2049 228 2124 quam
255 2023 436 2096 oratoriam
462 2014 593 2095 diceres.
642 2022 697 2095 hic
719 2022 776 2096 etsi
796 2021 898 2098 etiam
930 2028 966 2100 in
980 2030 1078 2126 publi·

130 2139 176 2209 cis
191 2133 291 2213 caiisu
309 2131 527 2230 probabatur,
554 2149 664 2203 tamen
677 2132 712 2202 in
726 2135 863 2229 privatis
877 2137 1077 2214 illustriorem
1121 2166 1123 2193 ¹

65 2241 112 2317 68
131 2247 300 2322 obtinebat
313 2246 434 2317 locum.
483 2242 524 2313 C.
539 2242 655 2314 deinde
669 2240 759 2333 Piso,
782 2243 950 2337 statarius„
977 2267 1011 2329 et
1023 2248 1079 2321 ser·

65 2378 113 2432 ²39
131 2355 241 2428 monis
270 2354 382 2450 plenus
400 2368 539 2440 orator,
575 2347 711 2420 minime
734 2349 787 2421 ille
813 2352 949 2448 quidem
977 2355 1079 2428 tardus

130 2470 165 2541 in
183 2465 427 2561 excogitando,
456 2482 682 2541 venimtamen
694 2460 789 2536 vultu
822 2477 856 2532 et
882 2460 1078 2536 srmtdatione

132 2573 239 2646 multo
265 2573 362 2640 etiam
386 2570 529 2655 acutior,
559 2589 663 2662 quamv
676 2582 765 2654 erat,
790 2565 978 2640 videbatur.
1000 2571 1078 2643 Nam

131 2681 201 2752 eius
220 2679 385 2774 aequalem
409 2676 465 2749 Μ’.
479 2677 715 2762 Glabrionem,
737 2678 821 2752 bene
835 2677 1018 2754 institutum
1031 2681 1080 2755 avi'

133 2790 308 2863 Scaevolae
332 2788 519 2884 diligentia,
545 2787 658 2860 socors
671 2787 766 2884 ipsuis
777 2807 892 2869 natura
906 2791 1078 2895 negligens·

134 2926 198 3000 que
212 2902 407 2970 tardaverat.
455 2899 561 2970 Etiam
576 2901 611 2971 L.
622 2898 810 2997 Torquatus
824 2900 979 2998 ,elegans
988 2903 1022 2973 in
1036 2901 1077 2973 di·

81 3048 84 3053 ·
132 3012 258 3094 cendo,
269 3009 302 3080 in
317 3005 718 3083 existimandoadmodum
733 3007 886 3104 prudens,
901 3026 979 3099 toto
987 3036 1077 3109 gene·

98 3125 101 3138 “
132 3147 168 3194 re
181 3123 391 3217 perurbanus.
417 3122 512 3191 Meus
531 3137 639 3191 autem
653 3121 793 3219 aequalis
810 3121 873 3192 Cn.
888 3121 1077 3220 Pompeius,

60 3269 63 3276 -
132 3231 186 3299 vir
199 3230 362 3301 adomnia
372 3229 494 3301 summa
509 3247 613 3320 natus,
627 3231 788 3303 maiorem
797 3230 930 3304 dicendi
945 3234 1078 3331 gloriam

24 3373 32 3394 ι
132 3338 290 3410 habuisset
303 3394 313 3428 ,
336 3340 395 3412 nist
412 3365 486 3411 eum
500 3339 634 3412 maioris
648 3340 770 3438 gloriae
786 3339 947 3436 cupiditas
962 3342 1006 3414 ad
1018 3341 1078 3414 bel·

130 3448 208 3531 licas
222 3448 331 3520 iaudes
343 3449 551 3523 abstraxisset.
600 3452 677 3522 Erat
695 3451 848 3522 oratione
861 3450 936 3524 satis
948 3455 1078 3551 amplus,

128 3585 201 3634 tem
221 3560 398 3657 prudenter
412 3562 570 3647 videbat‘3
594 3562 678 3634 adio
702 3585 786 3635 vero
807 3559 875 3634 eius
902 3562 1043 3636 habebat
1054 3579 1079 3633 et

85 3667 91 3722 ἶ
130 3669 165 3741 in
179 3693 265 3742 voce
283 3693 437 3766 magnum
458 3667 682 3763 splendorem,
716 3690 749 3741 et
762 3670 797 3739 in
809 3687 908 3741 motu
930 3668 1079 3741 summam

65 3791 116 3840 2⁴0·
132 3775 334 3871 dignitatemr
382 3771 502 3857 Noster
521 3774 598 3847 item
625 3776 765 3872 aequalis
793 3776 841 3850 D.
860 3775 1011 3871 Silanus,
1036 3774 1079 3852 vi·
