2302 4304
141 315 209 365 200
377 233 883 364 Deonnrortr

69 477 74 486 ·
136 452 285 550 variique
320 450 447 548 lapsus,
485 451 620 525 vitanda
654 451 702 526 est
732 451 925 526 acclamatio
960 452 1105 546 adversa·

134 558 277 656 populi,
303 582 387 657 quae
416 575 472 630 aut
498 558 656 633 orationis
675 576 813 656 peccato
841 560 954 660 aliquo
972 561 1097 633 excita-

133 665 215 760 tur,
237 670 262 744 sr
284 671 417 768 aspere,
438 668 462 739 sr
491 693 706 768 arroganter,
732 669 756 740 fi
778 671 950 768 turpiter,
977 671 1002 741 sr
1026 671 1096 743 sor-

134 782 241 875 dide,
272 783 296 856 fi
322 809 462 883 quoquo
486 783 587 856 animi
612 783 699 857 virio
726 783 848 858 didum
881 783 1095 882 effe-aliquid

131 886 287 964 videatur
300 914 315 979 3·
344 910 400 964 aut
432 890 607 971 hominum
635 889 833 982 offensione,
864 892 921 967 vel
937 891 1095 981 invidia,

131 1024 217 1099 quae
244 1019 300 1074 aut
326 1001 408 1077 iusta
433 1001 503 1092 est,
525 1018 586 1111 put
608 1026 650 1073 ex
673 1000 904 1073 criminatione
931 1019 1032 1099 atque
1045 999 1094 1071 sa-

132 1135 208 1197 ma3
238 1129 360 1183 autres
378 1112 402 1182 si
424 1111 570 1208 displicet
580 1135 597 1198 3¹
615 1129 670 1184 aut
691 1111 716 1182 st
741 1111 789 1184 est
811 1112 846 1182 in
863 1111 977 1208 aliquo
1000 1133 1093 1183 motu

131 1224 207 1298 suae
232 1227 417 1321 cupiditatis
438 1245 493 1297 aut
516 1243 622 1298 metus
646 1226 837 1300 miltitudo,
867 1224 997 1322 Hisque
1019 1250 1094 1324 qua·

132 1351 212 1406 tuor
235 1332 336 1407 causis
368 1335 510 1408 totidem
527 1335 730 1408 medicinae
757 1351 975 1433 opponuntur
990 1338 1009 1404 :⁴
1026 1354 1096 1408 trun

132 1447 321 1546 obirugatio
336 1501 349 1536 ,
366 1446 391 1518 fi
412 1446 466 1519 est.
479 1447 655 1521 ausloritas
667 1475 676 1519 t
689 1446 763 1520 turn
779 1447 991 1537 admonitio,
1009 1445 1094 1546 quasi

35 1610 37 1619 ‚
131 1558 239 1632 lenior
266 1559 487 1661 obiurgatio:
521 1581 593 1634 turn
629 1561 828 1659 promissio,
859 1560 884 1632 fi
911 1561 1094 1651 audierint,

130 1673 355 1769 probaturos:
388 1692 461 1746 tum
494 1674 711 1770 deprecatio,
737 1654 831 1771 quod
858 1670 910 1750 est,
922 1668 1075 1742 infimum
1082 1689 1115 1762 ,'

63 1820 112 1873 340
130 1787 186 1859 sed
227 1808 467 1884 nonnunquam
507 1785 595 1859 utile.
649 1785 751 1857 Nullo
778 1802 889 1856 autem
918 1783 999 1854 loco
1025 1781 1094 1878 plus

133 1894 272 1968 facetiae
310 1897 472 1993 prosunt,
500 1913 533 1967 et
562 1895 732 1985 celeritas,
763 1911 797 1966 et
826 1890 1094 1987 brevealiquod

48 2018 50 2023 ’
102 2007 275 2098 didoni,
303 2035 366 2082 nec
393 2008 459 2080 srne
482 2007 663 2106 dignitate,
686 2024 718 2077 et
745 2030 821 2078 cum
843 2004 969 2099 lepore.
1005 2000 1095 2073 Nihil

49 2136 60 2203 .'
130 2120 221 2192 enim
248 2142 316 2194 tarn
347 2120 468 2209 facile,
490 2144 591 2218 quam
619 2117 823 2205 multitudo,
845 2137 864 2184 a
890 2109 1044 2201 tristitia,
1062 2128 1094 2182 et

131 2229 225 2326 saepe
261 2229 302 2303 ab
335 2227 534 2315 acerbitate,
571 2223 771 2313 commode,
798 2248 837 2295 ac
863 2219 1037 2307 breviter,
1063 2235 1095 2290 et

60 2381 62 2384 <
131 2357 249 2426 acute,
275 2356 309 2411 et
331 2337 434 2409 hilare
459 2337 548 2408 didlo
570 2333 754 2406 deducitur.
1100 2393 1111 2414 ,

30 2461 32 2464 ’
65 2460 112 2555 84
180 2449 325 2546 Exposui
349 2448 445 2537 sere,
466 2432 504 2517 ut
529 2444 651 2542 potui,
676 2440 776 2516 vobis
799 2438 834 2509 in
862 2455 1006 2535 utroque
1037 2461 1094 2534 ge-

130 2578 212 2627 nere
248 2557 418 2628 causarum
441 2581 525 2651 quae
551 2554 642 2652 sequi
666 2551 830 2639 solerem,
850 2571 936 2645 quae
957 2545 1094 2644 fugere,

129 2690 215 2764 quae
249 2666 416 2761 spectare,
444 2690 575 2762 quaque
612 2665 753 2738 omnino
780 2663 816 2733 in
841 2660 944 2732 causis
968 2658 1105 2731 ratione

62 2802 109 2858 341
130 2774 262 2850 versari.
316 2777 389 2846 Nec
421 2775 501 2850 illud
517 2777 653 2852 tertium
676 2774 901 2848 laudationum
925 2795 1030 2870 genus
1052 2767 1095 2842 est

130 2881 294 2970 difficile,
322 2881 415 2978 quod
441 2907 506 2980 ego
534 2881 632 2953 initio
658 2882 749 2979 quast
775 2906 794 2952 a
819 2878 1005 2978 praeceptis
1031 2903 1095 2950 no·

128 2982 201 3066 stris
223 2994 452 3067 secreveram:
472 2994 527 3065 sed
546 2990 580 3064 et
594 2992 671 3089 quia
689 2993 792 3064 multa
814 2990 887 3067 sunt
904 2988 1096 3061 orationum

128 3128 277 3205 genera,
302 3124 336 3178 et
359 3107 541 3205 graviora,
563 3121 596 3177 et
617 3104 753 3177 maioris
769 3101 905 3199 copiae,
923 3099 1098 3196 dequibus

131 3209 240 3288 nemo¹
257 3215 330 3288 'sere
359 3214 585 3312 praeciperet,
608 3230 642 3286 et
663 3211 756 3311 quod
778 3234 841 3281 nos
855 3207 1099 3281 laudationibus

126 3348 200 3395 non
226 3321 284 3397 ita·
297 3328 440 3397 multum
467 3324 513 3396 uti
539 3324 742 3413 soleremus,
783 3338 893 3393 totum
922 3319 1013 3391 hunc
1048 3321 1098 3391 se-

129 3436 309 3534 gregabam
331 3435 453 3508 locum.
480 3434 543 3530 Ipsi
565 3433 653 3506 enim
668 3431 814 3523 Graeci,
831 3431 935 3528 magis
954 3430 1099 3528 legendi,

128 3562 162 3616 et
173 3545 403 3634 ,delectationis
415 3598 427 3631 ,
441 3560 496 3616 aut
508 3542 654 3616 hominis
666 3543 805 3614 alicuius
819 3539 982 3629 ornandi,
995 3565 1098 3637 quam

128 3660 286 3742 utilitatis,
301 3658 397 3732 huius
419 3658 555 3747 sorensis
570 3659 687 3752 causa,
709 3658 911 3731 laudationes
932 3656 1100 3752 scriptita-

128 3791 250 3848 verunt
265 3801 277 3844 :v
293 3798 438 3872 quorum
458 3773 532 3846 sunt
542 3771 661 3864 -libri,
689 3772 808 3871 quibus
827 3769 1100 3860 Themistocles,

71 3866 169 4016 ἱ·
