2302 4304
52 358 57 367 ,
160 315 231 380 224
399 266 903 360 neoanrone

108 474 142 522 40
157 451 358 549 loquamur,
384 473 463 544 non
483 448 589 522 solum
613 450 797 525 videndum
819 449 865 554 eli
878 503 889 538 ,
903 450 954 522 'ut
966 448 1002 522 e't
1016 451 1119 524 verba

156 561 328 635 efferamus
350 587 407 649 ea,
437 586 520 660 quae
539 584 640 633 nemo
656 561 736 632 ‘iure
756 560 998 657 reprehendat;
1023 582 1057 633 et
1080 588 1120 634 ea

154 675 200 746 fic
222 692 254 746 et
276 675 418 762 casibus,
445 691 478 746 et
490 674 721 770 temporibus,
740 690 773 744 et
790 694 926 770 genere,
952 693 987 744 er
1000 700 1117 746 nume-

155 810 196 857 ro
213 784 466 872 conservemus,
479 800 516 853 ut
527 804 571 855 ne
585 781 666 879 quid
679 781 925 878 perturbatum,
943 805 982 867 ac
996 783 1116 854 discre-

156 921 264 992 pans,
288 914 344 968 aut
357 895 603 994 praepostenrm
624 895 686 965 sit:
716 895 771 966 sed
795 892 893 965 etiam
914 892 1047 991 lingua,
1080 913 1116 968 et

105 1024 135 1073 41
145 999 310 1099 ¹spiritus,
337 1023 370 1078 et
390 1005 487 1078 vocis
499 1004 597 1076 sonus
612 1001 659 1074 est
677 1000 743 1097 ipse
760 1000 992 1074 moderandus.
1041 1005 1114 1074 No·

151 1108 187 1182 lo
217 1113 357 1208 exprimi
385 1114 492 1186 literas
521 1111 690 1210 putidius„
717 1108 799 1181 nolo
826 1109 993 1182 obscuram
1010 1112 1110 1209 negli-

152 1223 279 1318 gentius
294 1249 305 1308 ;
333 1225 415 1296 nolo
438 1225 538 1297 verba
550 1223 679 1296 exiliter
696 1223 877 1294 exanimata
894 1221 983 1294 exire
1000 1276 1011 1311 ,
1028 1226 1110 1298 nolo

151 1331 277 1420 inflata,
304 1351 337 1404 et
356 1335 444 1430 quasr
458 1335 605 1407 anhelata
618 1335 756 1432 gravius.
775 1357 850 1405 narn
866 1334 907 1406 de
923 1357 1014 1407 voce
1027 1359 1107 1407 non·

151 1439 229 1509 dum
242 1464 280 1510 ea
302 1441 398 1531 dico,
421 1468 504 1541 quae
527 1444 600 1514 sunt
622 1442 778 1528 astionis3
799 1442 866 1514 sed
887 1441 983 1530 hoc,
1017 1443 1107 1538 quod

149 1547 232 1618 mihi
251 1573 327 1619 cum
348 1549 500 1622 sermone
522 1550 612 1649 quasr
632 1552 846 1622 coniunslum
863 1551 1006 1623 videtur.
1028 1553 1105 1626 Sunt

149 1665 239 1736 enim
263 1684 352 1739 certa
383 1665 491 1758 vitia,
520 1692 603 1764 quae
635 1691 736 1737 nemo
757 1666 829 1756 est,
856 1665 938 1764 quin
963 1665 1104 1764 effugere

148 1775 276 1869 cupiat;
301 1774 412 1847 mollis
424 1800 497 1848 vox
509 1828 521 1862 ,
544 1796 580 1847 ut
604 1774 796 1863 muliebris,
828 1791 883 1845 aut
904 1773 993 1870 quasi
1018 1796 1103 1845 extra

146 1888 284 1959 modum
303 1887 426 1959 absona
444 1907 542 1986 atque
570 1889 715 1976 absurda.
764 1885 818 1958 Est
830 1903 939 1958 autem
961 1886 1099 1975 vitium,

97 2027 132 2076 42
146 2001 237 2094 quod
263 2001 412 2072 nonnulli
442 2003 483 2074 de
512 2002 668 2074 industria
687 2001 923 2073 consociantur.
973 2000 1099 2072 Rustica

137 2136 215 2182 uox
235 2131 269 2183 et
278 2113 410 2210 agrestis
425 2114 584 2211 quosdam
603 2112 741 2184 deleilat
749 2165 765 2199 .,
796 2135 866 2208 quo
897 2109 1003 2207 magis
1021 2111 1099 2217 anti·

144 2220 321 2316 quitatem,
349 2221 431 2294 srita
444 2223 560 2310 sonet,
587 2246 702 2294 eorum
716 2221 823 2291 sermo
837 2219 979 2292 retinere
993 2219 1097 2292 videa·

142 2346 218 2402 tur:
247 2351 283 2404 ut
296 2351 370 2406 tuus
391 2388 403 2422 ,
426 2335 560 2422 Catule,
587 2333 730 2419 sodalis,
754 2335 790 2404 L.
818 2332 936 2419 Cotta,
963 2332 1096 2427 gaudere

143 2437 225 2508 mihi
238 2441 369 2512 videtur
396 2441 557 2538 gravitate
570 2439 715 2537 linguae,
737 2437 885 2533 sonoque
899 2438 997 2508 vocis
1015 2463 1095 2536 agre-

143 2549 204 2639 sti,
222 2570 255 2622 et
267 2552 366 2639 illud,
389 2553 482 2648 quod
499 2551 673 2647 loquitur,
696 2546 841 2645 priscuun
856 2546 964 2620 visum
982 2548 1024 2618 iri
1042 2575 1095 2645 pu-

136 2675 189 2730 -tat
199 2712 210 2746 ,
241 2659 265 2729 fi
283 2660 378 2755 plane
393 2659 490 2731 firerit
503 2660 711 2746 rusticanrun.
761 2659 817 2728 Me
838 2674 947 2729 autem
961 2674 1036 2730 tuus
1050 2659 1104 2730 so?

142 2791 203 2836 nus
232 2785 265 2837 et
290 2766 428 2857 suavitas
448 2766 506 2837 ista
539 2768 701 2852 delectam
738 2767 860 2838 omitto
890 2767 1093 2857 verborum,

137 2902 340 2974 quamquam
357 2877 403 2947 est
418 2895 540 2973 caput,
564 2902 680 2948 verum
694 2877 728 2948 id
743 2877 837 2948 affert
849 2878 955 2964 ratio,
977 2879 1092 2954 docent
1104 2888 1121 2970 J

141 2987 274 3077 literae,
301 2984 477 3059 confirmat
494 2987 750 3062 consuetudoet
771 2991 899 3088 legendi
915 2991 1091 3090 et'loquen·

141 3103 199 3189 ‹li;
225 3103 280 3176 sed
308 3103 391 3174 hanc
412 3103 489 3175 dico
508 3103 727 3191 suavitatem,
760 3130 842 3203 quae
861 3105 931 3176 exit
960 3131 1003 3176 ex
1020 3131 1088 3178 ore:

140 3237 225 3310 quae
250 3216 385 3312 quidem
400 3269 410 3304 ,
428 3216 577 3311 utapud·
591 3219 760 3307 Graecos,
784 3219 1000 3306 Atticorum,
1027 3218 1089 3308 sic,

139 3320 174 3392 in
188 3322 305 3394 Latino
330 3323 501 3421 sermone,
524 3325 619 3399 huius
633 3327 678 3398 est
692 3329 781 3425 urbis
794 3330 938 3400 maxime
951 3331 1088 3426 propria.

91 3433 276 3528 43‘Athenis
297 3434 430 3507 iamdiu
455 3438 603 3511 doelrina
623 3442 768 3537 ipsorum
781 3441 1030 3515 Atheniensium
1044 3442 1086 3512 in·

113 3590 115 3597 ·
138 3546 249 3637 teriit,
272 3547 477 3622 domicilium
491 3570 617 3625 tantum
640 3555 675 3626 in
695 3556 751 3628 illa
766 3558 846 3629 urbe
867 3556 1017 3627 remanet
1029 3553 1086 3625 stu-

52 3680 54 3686 ’
139 3663 295 3753 diorum,
316 3663 434 3760 quibus
454 3661 575 3739 vacant
587 3668 701 3758 cives,
727 3669 893 3769 peregrini
920 3667 1089 3746 furuntun

63 3768 72 3807 ³
112 3774 226 3877 ¹capti
247 3772 497 3873 quodammodo
528 3777 662 3858 nomine
689 3765 788 3855 ‘urbis
818 3792 860 3853 et¹
875 3769 1082 3855 auctoritate:
1132 3771 1141 3807 “·
