2302 4304
385 268 694 397 nautor
925 306 1079 411 „1‘

43 500 98 576 gas
116 474 249 546 censeo.
279 472 455 545 Damnum
474 471 563 543 enim
583 468 668 543 illius
681 470 856 554 immaturo
872 468 1007 545 interitu

43 610 95 656 res
118 586 292 656 Romanae
320 575 519 678 Latinaeque
541 581 652 652 literae
674 577 839 654 fecerum:
868 581 1069 655 Utinam12⁶

44 717 117 766 non
136 716 205 765 tam
231 690 324 763 fratri
340 689 518 788 pietatem,
546 715 653 787 quam·
672 690 816 788 patriae,
848 689 1007 788 praeliare

43 802 221 877 voluillet!
247 828 346 901 quam
363 801 416 872 ille
440 800 533 872 facile
562 800 619 872 tali
648 801 813 899 ingenio,
842 799 963 874 diutius
983 803 1008 874 fi
1053 844 1058 873 t

43 917 204 1007 vixiffet,
226 916 281 989 vel
309 935 479 1013 paternam
503 912 609 1004 esset,
642 914 697 989 vel
723 913 845 993 avitam
867 913 1008 1012 'gloriam

44 1024 286 1122 consequutus!
311 1023 506 1120 Eloquentia
525 1022 660 1121 quidem
680 1021 792 1097 nescio
821 1046 864 1096 an
881 1022 1009 1096 habuis·

44 1141 91 1213 set
104 1163 221 1235 parem
234 1138 410 1209 neminem.
437 1136 568 1234 grandis
585 1135 632 1208 est
651 1126 774 1227 verbii,
799 1137 923 1234 sapiens
935 1132 1009 1211 sen-

43 1248 177 1335 tentiis,
202 1269 319 1343 genere
331 1262 406 1317 toro
423 1242 553 1342 gravis:
576 1269 691 1320 manus
705 1261 852 1325 extrema
867 1270 937 1318 non
950 1271 1009 1321 ac·.
1095 1320 1098 1327 ,

46 1357 138 1430 ceffir
156 1356 314 1452 operibus
324 1354 415 1428 eius:
433 1353 601 1450 ,praeclare
616 1353 771 1426 inchoata
784 1354 909 1444 multa,
927 1362 1011 1453 per·

45 1468 133 1541 setta
153 1490 224 1537 non
233 1466 344 1563 plane.
393 1466 586 1562 Legendus,
611 1466 763 1564 inquam,
788 1464 835 1538 est
855 1467 912 1542 bic
930 1493 1011 1542 ora-

45 1600 121 1667 tor,
144 1580 269 1667 Brute,
283 1575 488 1674 srquisquani
501 1577 607 1669 alius,
633 1579 805 1658 iuventuti.
833 1583 1009 1656 nonenim
1074 1581 1082 1622 ³

45 1693 154 1767 solum
174 1715 314 1778 acuere,
338 1688 394 1762 sed
415 1691 515 1763 etiam
541 1692 625 1764 alere
646 1692 815 1791 ingenium
833 1693 949 1788 potest.

96 1801 186 1873 Huic
203 1797 350 1871 succeffit
362 1800 474 1872 'aetati
497 1801 537 1873 C.
559 1803 686 1891 Galba,
707 1795 815 1876 Se'rvii
833 1804 916 1878 illius
938 1803 1074 1880 elo-127

47 1910 248 2009 quentiffimi
268 1910 335 1984 viri
357 1910 463 2004 filius,
485 1917 521 1987 P.
537 1916 640 1989 Cra'ffi
654 1916 838 2019 eloquentis
868 1937 902 1991 et
916 1917 1013 1989 iuris·

47 2024 149 2123 periti
168 2049 277 2122 gener.
327 2027 517 2103 Laudabant
540 2030 626 2103 hunc
648 2050 757 2126 patres
776 2029 895 2119 nostri,
916 2029 1030 2103 fave-=
1063 2082 1069 2095 ·
1097 2084 1099 2093 .

47 2137 133 2209 bant
151 2135 250 2206 etiarn
266 2154 405 2232 propter
425 2139 526 2237 patris
538 2142 752 2230 memoriam,
772 2140 828 2211 sed
844 2139 964 2211 cecidit
978 2140 1015 2210 in

48 2245 156 2319 cursu
205 2247 292 2317 Nam
309 2249 484 2344 rogatione
500 2250 671 2337 Mamilia,
694 2248 903 2346 Iugurthinae
928 2273 1022 2319 con·
1083 2276 1086 2281 ·

48 2353 228 2449 iurationis
240 2355 386 2443 invidia,
412 2384 490 2429 cum
512 2381 576 2452 pro
594 2355 659 2428 sese
682 2357 748 2453 ipse
772 2355 926 2444 dixisset,
944 2348 1020 2452 'op-

49 2463 177 2562 pressus
197 2465 252 2537 est.
301 2465 411 2537 Exstat
428 2467 497 2538 eius
512 2466 700 2562 peroratio,
725 2465 781 2564 qui
799 2465 947 2562 epilogus
968 2466 1017 2538 di·

50 2573 165 2663 citur3
188 2579 245 2675 qui
267 2597 360 2651 tanto
375 2579 410 2649 in
428 2579 584 2669 honore,
608 2578 717 2675 pueris
730 2577 844 2668 nobit,
865 2598 955 2664 erat,
980 2600 1019 2654 ut
1071 2595 1076 2599 ’

49 2718 134 2765 eum
147 2690 244 2764 etiarn
258 2691 484 2779 edisceremus.
527 2692 613 2778 Hic,
632 2690 690 2790 qui
705 2689 740 2762 in
754 2689 897 2790 collegio
912 2692 1019 2768 sacer-

50 2806 175 2877 dotum
189 2804 284 2892 ellet‚
310 2805 437 2905 primus
451 2804 527 2901 post
548 2807 693 2878 Romam
706 2807 875 2880 conditam
893 2807 1018 2882 iudicio

53 2914 193 3013 publico
215 2915 261 2988 est
275 2912 521 2990 condemnatus.
546 2919 580 2988 P.
599 2915 727 3012 Scipio,
754 2916 812 3014 qui
829 2914 875 2988 est
891 2914 926 2987 in
939 2939 1018 2987 con·
1036 2931 1083 3002 34

53 3023 163 3096 sulatu
184 3043 361 3114 mortuus,
382 3051 451 3123 non
463 3025 602 3097 multurn
626 3024 679 3096 ille
693 3021 852 3120 quidem,
875 3050 936 3097 nec
950 3024 1019 3095 saess
1037 3025 1095 3121 12⁹!

52 3160 102 3233 pe
129 3133 275 3220 dicebat,
306 3134 362 3206 sed
377 3144 410 3208 et
422 3136 536 3208 Latine
549 3134 719 3232 loquendo
741 3133 848 3223 cuivia
866 3150 936 3205 erat
948 3159 1020 3231 par,

55 3272 93 3322 et
106 3274 224 3322 omnes
236 3249 299 3321 sale
317 3249 505 3348 facetiisque
526 3249 706 3345 superabat.
736 3247 814 3342 Eius
837 3246 961 3346 collega
984 3254 1020 3322 L
1082 3284 1087 3292 ·

55 3358 166 3432 Bestia
182 3360 278 3432 bonis
291 3358 390 3433 initiis
404 3359 496 3431 orsus
517 3357 719 3444 tribunatus,
750 3353 845 3452 (nam
858 3356 894 3426 P.
906 3358 1021 3452 Popil-

56 3470 192 3551 liurnvi
208 3472 249 3543 C.
263 3471 407 3544 Gracchi
417 3469 585 3568 expulsum
594 3468 649 3539 sua
662 3469 838 3566 rogatione
848 3464 1019 3562 restinta)

59 3585 118 3655 vir
143 3603 177 3657 et
206 3610 301 3675 acer,
323 3595 360 3659 'et
378 3611 448 3658 non
476 3583 672 3668 indisertus,
710 3581 817 3654 tristes
841 3581 947 3651 exitus
962 3579 1022 3648 ha-

58 3698 135 3770 buit
158 3699 352 3771 consulatus.
394 3725 470 3769 nam
495 3694 657 3769 invidiosa
670 3697 742 3792 lege
756 3695 904 3774 Mamilia
926 3717 1023 3789 quae·

60 3806 169 3885 stione
183 3810 225 3882 C.
241 3809 381 3882 Galbam
397 3808 618 3898 sacerdotem,
631 3823 663 3880 et
673 3807 1038 3907 quantor-consularem.
