2302 4304
153 316 222 386 mo
369 272 880 407 oruntronr

147 471 423 569 splendoremque
450 467 644 566 pertinent:
668 491 754 565 quae
779 492 844 568 ego
870 493 914 540 ex
938 489 973 542 te
1001 473 1112 546 audire

75 624 81 647 -·
145 585 268 674 volui,
291 610 360 656 non
383 601 421 656 ut
451 581 658 679 desperarem
688 605 744 652 me
761 581 997 690 eloquentiam
1025 609 1109 656 con-

42 774 45 783 ,
148 696 238 796 sequi
256 696 377 794 posse,
393 694 449 766 scd
469 712 505 766 ut
526 694 649 792 aliquid
667 692 879 766 addiscerem
947 718 950 723 ’
991 740 997 755 ·

87 835 132 908 37
197 807 287 878 Tum
310 803 462 889 Crassus,
486 803 695 900 Pervulgatas
717 826 769 874 res
794 802 959 930 requiris,
977 774 1107 901 inquit,

86 932 132 996 ¹48
148 941 184 990 et
208 918 268 990 tibi
297 941 367 990 non
388 916 591 1012 incognitaS,
617 913 749 1011 Sulpici
782 913 855 1010 quis
872 915 964 985 enim
984 916 1026 987 de
1046 913 1108 985 isto

111 1068 113 1073 <
147 1045 271 1120 genere
296 1042 366 1092 non
389 1018 521 1107 docuit,
548 1042 617 1089 non
638 1014 795 1105 instituit,
809 1041 880 1089 non
893 1019 995 1090 etiam
1008 1018 1109 1114 scrip·

149 1145 220 1200 tum
244 1127 404 1226 reliquit?
437 1126 494 1198 sed
519 1150 631 1223 geram
651 1150 801 1215 morem,
824 1143 858 1197 et
873 1152 911 1198 ea
934 1127 1104 1215 duntaxat,

146 1259 233 1330 quae
258 1234 338 1304 mihi
357 1251 438 1305 nota
460 1231 558 1325 sunt,
577 1234 724 1308 breviter
742 1258 908 1330 exponam
934 1235 1016 1307 ribi·
1031 1261 1105 1308 cen·

149 1345 228 1416 sebo
247 1365 357 1414 tamen
373 1345 415 1414 ad
433 1343 753 1449 eos,qu1audlores
769 1363 803 1417 et
822 1346 1019 1421 inventores
1039 1349 1105 1421 sunt

79 1482 133 1532 ..149
149 1451 265 1521 harum
289 1446 364 1520 sane
381 1448 583 1520 minutanun
605 1434 742 1542 rerum,
764 1455 1009 1532 revertendum.
1026 1459 1106 1528 Om

148 1556 200 1626 nis
218 1554 319 1654 igitur
336 1557 447 1628 oratio
466 1553 641 1628 conficitur
660 1580 702 1629 ex
725 1559 856 1634 verbis:
877 1585 1024 1657 quorum
1037 1565 1104 1658 pri·

150 1691 242 1738 mum
273 1669 371 1745 nobis
395 1669 481 1742 ratio
508 1668 696 1768 simpliciter
726 1672 870 1745 videnda
893 1671 965 1763 est,
991 1675 1107 1746 deinde

25 1832 62 1878 „3
151 1780 336 1852 coniuncte.
375 1807 451 1853 nam
474 1778 521 1854 est
540 1782 674 1880 quidam
698 1805 833 1857 ornatus
852 1783 1031 1876 orationis,
1052 1788 1106 1909 qui

88 1924 92 1933 ·
130 1909 193 1958 :ex
219 1887 350 1986 singidis
376 1888 489 1961 verbis
514 1888 589 1976 est,
614 1889 720 1980 alius,
750 1890 808 1988 qui
839 1916 883 1963 ex
910 1894 1106 1968 continuaris

47 2023 50 2032 ·
151 1997 397 2123 coniundlisque
417 1997 551 2071 constat.
580 2002 697 2096 Ergo
688 1992 818 2071 utemur
840 2001 952 2073 verbis
976 2025 1034 2076 aut
1051 2003 1105 2095 iis,

85 2117 87 2121 ’
150 2134 234 2208 quae
256 2108 393 2206 propria
413 2108 508 2195 sunt,
534 2127 567 2180 et
588 2129 680 2181 certa
702 2109 790 2208 quast
802 2111 966 2184 vocabula
977 2137 1105 2204 rerum,

44 2301 49 2308 ,
64 2249 68 2254 ·
131 2238 140 2249 ’·
150 2244 254 2317 paene
267 2244 331 2292 una
353 2237 428 2292 nata
442 2241 519 2291 curn
533 2219 629 2290 rebus
642 2218 742 2314 ipsts3
761 2240 816 2292 aut
833 2219 888 2309 iis,
905 2246 992 2319 quae
1002 2245 1105 2296 trans-

61 2332 66 2343 '
148 2334 315 2420 seruntur,
332 2349 365 2404 et
382 2318 470 2451 quast
484 2331 591 2406 alieno
607 2330 642 2402 in
655 2331 734 2404 loco
746 2331 950 2404 collocantur
963 2360 975 2418 ;
988 2359 1045 2408 aut
1057 2334 1106 2424 iis,

88 2486 133 2534 150
133 2463 234 2540 quae
259 2457 438 2533 novamus,
455 2461 489 2516 et
503 2442 639 2516 facimus
659 2442 729 2538 ipsi
759 2444 797 2512 ln
817 2443 963 2539 propriis
981 2445 1087 2520 est
1046 2474 1105 2544 igr-

24 2575 27 2583 ·
83 2586 86 2591 ⁴
149 2576 203 2625 rur
226 2557 336 2627 verbis
362 2556 415 2627 illa
433 2558 502 2629 laus
527 2556 693 2645 oratoria,
718 2574 756 2628 ut
779 2556 903 2628 abiedla
921 2576 1021 2656 atque
1044 2563 1104 2633 ob·

52 2686 57 2693 ·
133 2661 252 2732 'soleta
278 2655 403 2758 fugiat3
439 2665 552 2754 leuis,
587 2684 684 2764 atque
716 2665 889 2738 illustribus
911 2684 1048 2762 manu,
1073 2672 1105 2742 in

104 2828 109 2841 .
135 2770 270 2867 ⁴quibus
297 2771 429 2867 plenum
452 2774 608 2870 quiddam
630 2794 665 2848 et
685 2773 802 2849 sonans
822 2775 923 2849 inesse
948 2723 1105 2851 videritur

43 2944 47 2954 ,
81 2972 84 2976 ⁴
135 2881 249 2955 ‘Sed
239 2908 274 2954 tn
292 2884 360 2955 hoc
381 2883 564 2959 verborum
582 2909 703 2982 genere
727 2887 945 2983 propriorum
967 2889 1105 2962 delectus

150 2991 355 3091 estquidam
374 2992 556 3082 habendus,
579 3014 677 3092 atque
699 2994 727 3067 is
752 2995 878 3066 auritun
890 2998 1040 3092 quodam
1053 2999 1102 3071 iu·
1139 3076 1141 3080 Α

115 3097 248 3178 ¹'dicio
262 3103 572 3203 ponderandus31n
588 3130 655 3205 quo
673 3106 878 3180 'consuetudo
903 3111 1005 3183 etiam
1023 3112 1102 3184 bene

18 3273 20 3278 .
88 3247 130 3294 ιιι
149 3190 306 3314 loquendi
326 3216 414 3289 valet
438 3213 624 3342 plurimum.
655 3214 761 3288 Etiam
780 3215 873 3302 hoc,
896 3217 989 3313 quod
1003 3219 1101 3314 vulgo

97 3324 192 3398 de
209 3326 396 3399 oratoribus
415 3326 489 3399 ab
480 3327 639 3425 nuperitis
657 3327 722 3401 dici
744 3328 844 3418 solet,
866 3331 1007 3400 Bonis'
993 3357 1024 3400 rs
1038 3357 1100 3401 ver·

151 3435 232 3504 dis
218 3451 325 3523 ,aut,
342 3439 402 3504 ΑΙ·
377 3440 491 3528 lzq‘uis
500 3450 573 3509 non
587 3440 680 3508 bonis
688 3461 811 3526 untur
825 3462 894 3509 non
907 3456 978 3510 arte
998 3438 1097 3563 aliqua

27 3536 30 3541 ’
107 3484 385 3652 perpenditur,
411 3544 466 3618 sed
496 3550 641 3647 quodam
667 3549 756 3647 quast
776 3548 923 3621 naturali
940 3548 1057 3622 sensu
1047 3574 1095 3619 ιιι-

29 3684 33 3693 ·
108 3714 112 3719 .
84 3655 335 3732 dicatur:
326 3686 361 3732 tn
387 3684 457 3758 quo
488 3689 556 3735 non
593 3689 710 3762 magna
737 3664 805 3737 laus
828 3664 896 3754 ell,
923 3665 1028 3738 vitare
1044 3661 1090 3735 ui·

131 3769 258 3865 ‘filma
283 3766 507 3896 {quamquam
528 3774 563 3848 id
585 3773 644 3848 est·
657 3773 868 3883 magnum)
892 3800 1012 3851 verunt
1033 3773 1087 3868 hoc
