2302 4304
155 311 202 402 m
383 309 472 384 nr
528 283 896 403 oarroat

90 493 135 542 142
153 469 254 544 cultas
267 470 300 543 in
319 473 464 572 quinque
477 492 585 570 partes
600 473 793 566 distributa,
820 481 857 548 ut
871 476 1005 550 deberet
1018 500 1116 577 repe·

153 580 219 651 rire
233 581 395 677 primum,
417 582 497 680 quid
516 583 663 668 diceret;
689 584 804 657 deinde
823 586 957 658 inventa
975 612 1046 658 non
1061 590 1115 660 so-

152 686 220 762 lum
240 691 376 779 ordine,
399 684 564 765 sedetiam
577 711 750 765 momento
778 694 923 792 quodam
944 712 1044 790 atque
1061 697 1113 768 iu-

154 802 242 875 dicio
267 801 450 898 dispensare
465 818 564 898 atque
579 814 781 896 'componere
797 829 806 872 :
836 823 906 875 tum
921 830 958 876 ea
972 805 1115 903 denique

151 911 271 984 vestire
296 937 393 1008 atque
417 935 536 981 ornare
550 911 722 981 oratione:
747 910 820 1007 post
846 915 1007 985 memoria
1029 915 1114 1012 sepi-

153 1043 207 1088 re:
235 1021 277 1091 ad
291 1039 475 1091 extremum
498 1044 594 1115 agere
608 1042 684 1091 cum
702 1020 859 1118 dignitate
878 1048 915 1094 ac
933 1025 1113 1125 venustate.

88 1139 131 1190 ¹⁴³
151 1127 257 1200 Etiam
272 1130 324 1201 illa
338 1153 580 1256 cognoram,et
595 1157 807 1227 acceperam,
829 1151 1003 1229 antequam
1018 1136 1060 1207 de
1076 1162 1111 1209 re

149 1235 355 1330 diceremui,
374 1241 472 1313 initio
495 1240 722 1316 conciliandos
741 1264 859 1312 eorum
882 1239 947 1312 effe
970 1242 1110 1336 animos,

145 1353 206 1447 'qui
225 1293 408 1424 audirent.
432 1351 564 1422 deinde
569 1377 640 1423 rem
665 1349 971 1424 demonstrandam:
998 1353 1111 1450 postea

148 1459 409 1535 controversiam
435 1456 714 1532 constituendam:
747 1478 817 1532 tum
835 1448 897 1551 id,
924 1463 1020 1560 quod
1047 1487 1109 1537 nos

147 1575 409 1666 intenderemus,
423 1573 706 1648 confirmandum:
724 1572 818 1671 post,
832 1594 1050 1674 quaecontra
1064 1579 1109 1650 di·

132 1681 320 1771 ementur,
345 1684 544 1756 refellenda:
571 1703 716 1757 extrema
731 1704 840 1758 autem
853 1685 1031 1775 oratione,
1057 1693 1123 1778 ea,

146 1820 230 1892 quae
248 1822 313 1892 pro
350 1795 446 1869 nobis
469 1795 591 1886 effent,
624 1793 852 1892 amplificanda
875 1815 909 1870 et
936 1784 1118 1896 augendas

143 1924 295 2005 quaeque
321 1905 423 1979 effent
453 1933 517 2004 pro
540 1906 754 1994 adv'ersariiS,
785 1904 980 1981 infirmanda
1008 1932 1107 2013 atque

83 2031 127 2104 32
146 2008 337 2107 frangenda
378 2011 556 2095 Audieram
571 2014 669 2086 etiam
684 2040 806 2112 quae
778 2014 818 2086 de
833 2017 995 2111 orationis
1009 2018 1107 2116 iptius

82 2147 128 2194 144
146 2125 349 2207 ornamentis
362 2102 619 2212 traderentur3
611 2152 646 2196 m
660 2120 723 2222 qua
736 2127 935 2224 praecipitur
947 2131 1105 2227 primum,

145 2257 182 2310 ut
205 2236 285 2347 pure
312 2254 346 2307 et
360 2235 459 2314 lature
471 2235 666 2334 loquamur
690 2237 808 2331 deinde
829 2257 866 2310 ut
886 2238 981 2336 plane
998 2260 1031 2314 et
1055 2245 1105 2317 di-
1138 2318 1141 2323 ,

145 2347 208 2421 luci
211 2335 275 2420 de:
298 2366 370 2420 tum
383 2368 421 2419 ut
442 2364 582 2418 ornate:
621 2343 695 2442 post
719 2344 760 2416 ad
782 2370 891 2418 rerum
911 2348 1104 2469 dignitatem

146 2466 243 2552 apte,
266 2473 301 2528 et
313 2454 402 2553 quasr
412 2454 557 2527 decore
588 2454 848 2552 singularumque
870 2483 978 2530 rerum
1005 2483 1102 2556 prae-

85 2591 126 2638 145
148 2585 242 2659 cepta
256 2586 448 2658 cognoram.
497 2557 734 2654 Quinetiam,
760 2589 843 2660 quae
856 2566 1000 2655 maxime
1021 2590 1102 2663 pro-

93 2756 96 2762 ·
148 2673 219 2770 pria
233 2671 333 2742 ellent
355 2692 507 2753 naturae,
533 2693 642 2766 tamen
665 2673 714 2743 his
732 2673 806 2770 ipsrs
824 2693 926 2746 artem
953 2674 1103 2750 adhiberi

148 2783 307 2859 videram.
326 2806 402 2853 nam
415 2781 456 2852 de
470 2783 622 2872 actione,
652 2802 686 2855 et
699 2785 739 2856 de
757 2787 919 2858 memoria
940 2789 1103 2884 quaedem

147 2887 263 2970 brev‘ia
277 2950 288 2987 ,
315 2895 370 2968 sed
383 2910 501 2990 magna
522 2918 597 2963 cum
611 2896 845 2968 exercitatione
858 2915 1030 2994 praecepta
1039 2925 1101 2996 gu-

147 3007 274 3081 staram.
324 3011 361 3078 ln
383 3007 434 3078 his
452 3005 541 3076 enim
555 3003 624 3076 fere
638 3007 735 3078 rebus
748 3007 857 3079 omnis
870 3007 1007 3088 illorum
1021 3008 1100 3082 arti-

145 3120 248 3194 ficum
262 3120 410 3194 dodlrina
438 3116 607 3206 versatur,
644 3145 743 3215 quam
761 3143 826 3216 ego
849 3119 873 3190 fi
894 3119 975 3190 nihil
991 3119 1099 3191 dicam

106 3316 112 3328 f
146 3237 323 3327 adiuvare,
359 3231 507 3306 mentiar.
530 3231 631 3304 habet
657 3232 744 3304 enim
763 3233 923 3330 quaedam
950 3233 1040 3330 quasi
1058 3233 1100 3307 ad

144 3338 425 3421 commonendtun
443 3346 611 3417 oratorem
626 3397 636 3432 ,
659 3368 726 3440 quo
741 3345 884 3442 quidque
896 3343 1018 3416 referat
1031 3397 1043 3433 ,
1056 3361 1101 3415 et

141 3440 213 3555 quo
223 3454 362 3544 intuens,
376 3453 416 3524 ab
430 3479 471 3524 eo
482 3508 493 3542 ,
506 3452 725 3549 quodcunque
735 3451 791 3523 fibi
805 3450 1027 3547 proposuerit,
1034 3449 1100 3520 mi·

85 3587 130 3648 146
145 3568 345 3641 nusaberrer.
355 3566 642 3662 Verumegohanc
652 3565 722 3635 vim
736 3565 882 3660 intelligo
893 3563 1098 3659 elleinprae·

145 3676 490 3777 ceptisomnibus,non
504 3694 540 3749 ut
552 3700 590 3746 ea
604 3674 703 3748 secuti
717 3700 876 3766 oratores,
889 3674 1098 3772 eloquentiae

144 3785 272 3873 laudem
294 3785 356 3865 lint
369 3784 504 3884 adepti,
528 3783 607 3876 sed,
630 3812 712 3884 quae
725 3787 780 3860 sua
801 3787 919 3885 sponte
942 3785 1103 3858 homines·
