2302 4304
141 304 214 402 ιι
462 295 796 378 outrou
869 272 993 381 ζ.’

138 464 373 565 cumscriptio,
402 463 458 540 vel
484 463 738 562 comprehenso
750 518 768 553 ,-
794 465 853 543 vel
879 468 1102 566 continuatio,

138 585 195 658 vel
212 585 378 673 ambitus,
404 581 430 655 fi
447 582 493 654 ita
514 578 591 667 licet
610 578 739 667 dicere;
761 606 886 674 nemo,
908 585 973 682 qui
994 586 1100 683 aliquo

139 693 222 768 esset
242 695 279 767 in
304 717 466 782 ntunero,
491 689 617 787 seripstt
640 691 831 766 orationem
858 696 990 793 generis
1015 697 1098 788 eius,

139 803 235 901 quod
260 800 340 875 esset
366 802 409 873 ad
436 798 688 873 delectationem
711 823 967 899 compararim,
991 833 1097 881 remo·

139 931 278 1012 tumque
305 938 326 984 a
353 911 485 984 iudiciis
509 910 697 1011 forensique
712 915 925 1017 certamine,
951 920 1031 1016 quin
1055 946 1096 993 re·

139 1022 267 1119 digeret
292 1045 409 1092 omnes
429 1020 501 1094 sere
522 1020 558 1091 in
580 1019 744 1117 qrndrum
765 1044 1010 1122 numerumque
1029 1028 1096 1100 sen-

138 1131 264 1203 rentias.
297 1131 385 1202 Nam
410 1154 489 1203 cum
511 1126 608 1202 isesl.
627 1128 779 1217 auditor,
806 1129 867 1227 qui
896 1156 968 1206 non
988 1160 1095 1211 verea-

137 1259 210 1327 tur,
237 1265 281 1313 ne
304 1239 508 1337 compostae
530 1238 692 1323 orationis
715 1237 838 1314 insidiis
861 1240 920 1317 sua
943 1243 1026 1321 sides
1048 1265 1094 1322 at·

136 1367 300 1440 tentetur,
322 1352 461 1448 gratiam
484 1370 620 1448 quoque
645 1348 745 1424 habet
765 1351 917 1439 oratori,
936 1356 1093 1456 voluptati

72 1463 117 1532 62
135 1459 263 1543 aurium
285 1458 451 1533 servienti.
489 1460 604 1530 Genus
629 1480 740 1531 autem
762 1459 830 1534 boc
851 1463 1016 1541 orationis
1036 1493 1091 1543 ne·

71 1595 120 1649 ²09
135 1586 200 1666 quc
229 1584 340 1641 totum
371 1567 597 1640 assumendum
628 1566 675 1639 est
708 1569 752 1641 ad
783 1571 896 1646 causas
926 1573 1090 1672 forenses,

135 1701 243 1776 neque
269 1677 411 1751 omnino
438 1675 686 1790 repudiandum.
732 1677 765 1749 Si
792 1679 884 1752 enim
911 1681 1088 1782 sempera·

135 1803 227 1877 tare,
254 1813 332 1860 oua
357 1786 536 1860 satietatem
547 1777 669 1872 affert,
689 1801 780 1874 nnn,
804 1786 902 1882 quale
918 1787 978 1881 sit,
997 1793 1089 1868 etiam

133 1896 205 1967 ab
196 1893 358 1993 nnperitis
371 1895 569 1995 agnoscitur
594 1892 750 1983 Detrahit
767 1915 939 1991 praeterea
956 1902 1087 1980 attioris

132 2006 303 2097 dolorem,
330 2008 440 2081 aufert
467 2008 648 2080 humanum
679 2006 808 2081 sensuum
836 2006 977 2103 adoris,
999 2014 1087 2089 ιοΙΙίι

131 2113 279 2197 funditus
299 2117 476 2190 veritatem
497 2134 530 2189 et
551 2113 683 2189 fidem.
708 2115 793 2207 Sed,
816 2112 979 2215 quoniam
998 2123 1085 2196 adhi-

127 2232 237 2309 benda
264 2252 504 2328 nonnunquam
535 2226 600 2318 est,
633 2226 780 2324 primum
808 2227 991 2302 videndum
1021 2231 1084 2323 esi,

127 2367 198 2441 quo
216 2345 311 2433 loco,
339 2343 458 2415 deinde
477 2281 634 2438 quamdiu
646 2335 818 2410 retinenda
838 2335 894 2423 tir,
914 2362 985 2411 tum
1002 2362 1097 2440 quon

61 2487 110 2525 210
128 2452 236 2524 modis
248 2397 493 2525 coinmutanda
542 2445 736 2519 Adhibenda
752 2440 821 2516 est
812 2447 913 2543 1gitur
926 2474 1082 2524 numero·

126 2562 159 2633 sa
186 2558 314 2650 oratio,
348 2560 372 2630 si
401 2576 458 2632 aut
485 2557 682 2637 laudandum
707 2553 754 2627 est
773 2555 901 2653 aliquid
924 2560 1081 2650 ornatius,

125 2689 160 2744 ut
173 2696 234 2741 nos
249 2672 283 2740 in
305 2669 521 2758 accusationis
545 2668 689 2740 secundo
723 2666 765 2741 de
780 2665 909 2738 Siciliae
925 2669 1021 2771 laude
1034 2671 1080 2742 di-

123 2781 248 2864 timum
272 2801 310 2851 ιιι
330 2780 366 2850 in
380 2782 510 2865 senatu,
535 2782 577 2852 de
595 2777 765 2851 consulatu
783 2802 879 2849 meo:
906 2800 964 2852 aut
981 2805 1078 2878 expo

122 2894 230 2966 nenda
243 2896 408 2984 narratio,
421 2911 505 2992 quae
522 2895 595 2990 plus
610 2893 776 2990 dignitatis
788 2892 970 2984 desiderat,
984 2920 1077 2992 quam

120 3000 268 3088 doloris,
294 3018 334 3074 nt
348 3001 383 3072 in
403 3018 523 3098 quarto
542 2999 777 3087 accusationis,
799 2997 847 3069 de,
860 2995 1076 3071 Emenfi'ce·

115 3132 212 3200 rere,
239 3115 280 3185 de
297 3110 468 3211 Segestana
489 3111 621 3197 Diana,
644 3110 685 3180 de
707 3109 945 3206 Syracusarum
958 3110 1016 3197 situ
1029 3109 1076 3182 di·

116 3226 234 3296 ximus.
282 3229 384 3322 Saepe
410 3224 508 3297 etiam
526 3222 562 3293 in
587 3217 816 3327 amplificanda
841 3245 898 3309 re,
926 3221 1074 3295 concessu

113 3332 276 3413 omnium.
296 3333 444 3406 funditur
467 3329 642 3404 numerose
664 3347 706 3421 ,et
730 3328 928 3405 volubiliter
959 3331 1073 3413 oratio,

110 3440 150 3511 td
177 3465 240 3512 nos
270 3440 406 3515 fortasse
438 3468 509 3515 non
537 3441 771 3541 perfecimus,¹.
795 3442 909 3513 conati
942 3443 1070 3541 quidem

112 3549 291 3647 saepissime
314 3549 443 3638 sunrus3
468 3554 562 3650 quod
579 3552 728 3648 plurimis
748 3549 832 3649 locis
846 3552 1069 3647 perorationes

108 3661 259 3749 nostrae,
294 3662 434 3735 voluisse
457 3688 541 3760 ηοξ,
571 3681 671 3760 atque
698 3662 813 3750 animo
842 3663 1064 3749 contendisse,

105 3769 282 3849 declarant.
306 3776 345 3848 ld
362 3792 473 3848 autem
495 3798 566 3849 tum
589 3779 700 3872 valet,
727 3803 804 3852 cum
827 3773 875 3872 is,
901 3781 960 3881 qui
972 3779 1064 3863 audit,

72 3928 118 4019 k„
