2302 4304
369 110 709 210 LIBERII.
966 117 1033 214 165,

85 270 320 346 remittendum
345 269 392 343 est
414 262 629 358 facetiarum,
659 275 733 345 'cum
763 269 818 347 his.
844 271 925 346 nihil
947 300 1033 372 opus

7 444 18 479 ,
77 386 116 458 st.
140 414 202 462 nos
225 407 336 462 autem
363 388 541 486 quomodo
561 404 720 478 utamur,
748 414 826 460 cum
856 413 940 485 opus
968 390 1032 483 fit,

74 499 255 594 quaerimus
287 523 295 566 :
331 519 369 570 ur
399 495 434 567 in
465 495 712 587 adversarium,
743 520 776 569 et
813 500 1034 590 maxime‚si

68 606 135 707 eius
167 604 301 678 shdtitia
333 604 459 703 poterit
489 605 632 702 agitari,
667 606 702 676 in
736 604 850 678 testem
875 605 1033 699 stultam,
1089 658 1100 679 .

66 718 248 815 cupidum,
277 719 406 809 levem,
433 717 457 788 fi
481 717 575 789 facile
603 718 755 791 homines
776 719 920 790 audituri
935 720 1034 792 'vide-

63 829 197 905 buntur.
235 822 388 903 Omnino
413 827 639 925 probabiliora
663 826 761 933 sunt,
788 851 872 924 quae
898 828 1033 904 lacessiti
1054 838 1102 903 13·

62 943 231 1031 dicimus,
254 966 354 1041 quam
379 966 462 1039 quae
480 938 620 1037 priores.
648 964 724 1010 nam
746 959 780 1012 et
795 941 919 1041 ingenii
945 942 1032 1013 cele-

62 1060 146 1130 ritas
164 1056 271 1129 maior
293 1055 363 1149 esl,
392 1081 475 1155 quae
496 1062 643 1154 apparet¹
662 1054 696 1125 in
722 1053 976 1151 respondendo,
1000 1073 1035 1127 et

8 1186 11 1191 ·
62 1165 278 1239 humanitatis
301 1165 347 1237 est
367 1164 546 1262 responfio.
586 1165 748 1237 Videmur
774 1164 864 1234 enim
888 1164 1033 1262 quieturi

61 1275 187 1365 fuisse,
204 1274 263 1346 nist
286 1275 425 1347 essemus
439 1271 589 1362 lacessiti,
606 1268 691 1348 utin
705 1272 763 1345 isla
781 1273 848 1369 ipsa
867 1275 1032 1348 concione

61 1386 146 1458 nihil
168 1384 239 1457 fere
266 1385 390 1458 dissum
416 1383 462 1457 est
485 1385 526 1459 ab
547 1386 635 1474 hoc,
661 1385 754 1481 quod
781 1385 915 1482 quidem
942 1385 1033 1458 sace-

58 1496 128 1567 tius
154 1494 278 1568 dissum
304 1494 499 1586 videretur,
527 1495 620 1592 quod
643 1518 713 1565 non
737 1517 943 1590 provocatus
965 1487 1033 1573 ‘re-

58 1603 244 1699 sponderit.
274 1604 354 1697 Erat
366 1619 474 1674 autem
505 1619 595 1674 tanta
620 1602 764 1699 gravitas
787 1603 821 1672 in
848 1602 1033 1705 Domitio,

59 1731 153 1785 tanta
175 1713 374 1803 austeritas,
402 1731 458 1800 ut,
484 1715 576 1812 quod
596 1713 676 1793 esset
698 1715 739 1788 ab
771 1739 814 1788 eo
838 1716 1032 1808 obieslum,

56 1828 177 1924 lepore
203 1825 307 1931 magis
329 1826 551 1915 elevandum,
575 1851 675 1923 quam
702 1827 919 1903 contentione
942 1827 1034 1898 fran-

58 1939 208 2038 gendum
226 1937 408 2010 videretur.
449 1938 538 2008 Tum
566 1937 754 2034 Sulpicius,
779 1939 873 2030 Quid
905 1935 1031 2034 igitur?
1057 1938 1105 2013 5⁷

59 2050 191 2150 inquit,
209 2047 376 2145 patiemur
389 2060 401 2137 ',
414 2046 609 2133 Caesarem,
622 2048 680 2144 qui
697 2071 900 2144 quamquam
914 2043 1033 2116 Crasso
1054 2050 1100 2102 ²3¹

60 2159 199 2249 facetias
224 2156 408 2248 concedit,
435 2177 548 2229 tamen
566 2157 673 2227 multo
690 2156 725 2226 in
748 2179 791 2226 eo
806 2154 914 2225 studio
929 2154 1041 2251 magis·

61 2272 129 2370 ipse
144 2268 309 2360 elaborat,
335 2295 405 2343 non
413 2267 578 2364 explicare
591 2265 689 2338 nobis
706 2283 816 2338 toturn
838 2290 940 2364 genus
953 2265 1022 2342 hoc

59 2380 219 2471 iocandi,
232 2380 328 2478 quale
341 2378 399 2468 su,
428 2373 461 2450 e't
471 2376 560 2450 unde
573 2376 731 2463 ducatur3
748 2376 939 2474 praesertim
954 2401 1033 2449 cum

60 2496 186 2565 tantam
199 2490 272 2564 vim
298 2512 331 2563 et
339 2490 514 2565 utilitatem
526 2486 596 2562 salis
611 2484 919 2560 erurbanitatisesle
928 2485 1032 2565 farea·
1081 2547 1084 2552 .

50 2611 116 2683 'tur
127 2611 142 2685 l
153 2613 248 2706 Quid
257 2609 294 2702 fi,
306 2612 415 2711 inquit
428 2611 551 2700 lulius,
564 2609 718 2689 assentior
730 2610 881 2684 Antonio
899 2609 1035 2694 dicenti,

60 2722 185 2799 niellam
198 2720 264 2794 esse
273 2741 377 2793 artem
389 2721 561 2801 salislHrc
574 2747 651 2800 curn
659 2723 821 2818 Sulpicius
832 2720 1034 2810 reticuisset,

60 2828 394 2927 Quafivero,1nq1ur
402 2828 552 2916 Crassus,
568 2831 689 2905 horum
702 2832 877 2928 ipsorum,
886 2832 936 2902 de
956 2831 1034 2933 qui·
1053 2841 1109 2894 ²3²

60 2938 123 3011 bus
134 2935 301 3017 Antonius
310 2930 435 3016 ιειιιιάιιι
447 2937 613 3035 loquitur
607 2992 619 3029 ,
633 2962 684 3015 ars
696 2934 761 3011 ulla
773 2937 825 3015 fit.
844 2937 1035 3013 observatio

62 3046 228 3152 quaedam
254 3044 326 3136 esl,
354 3061 393 3117 'ut
415 3043 483 3140 ipse
510 3045 619 3135 dixit,
646 3070 761 3118 earum
784 3070 922 3137 rerum,
948 3067 1036 3148 quae

65 3149 268 3229 indicendo
273 3097 412 3228 valent:
403 3177 510 3252 ‚quae
524 3152 548 3225 fi
564 3152 756 3251 eloquentes
773 3153 880 3228 sacere
900 3157 1035 3254 posset,

64 3264 140 3355 quis
154 3262 234 3336 esset
243 3288 311 3337 non
322 3260 499 3360 eloquens?
515 3261 600 3355 Quis
613 3261 702 3337 enim
713 3261 796 3337 haec
809 3292 878 3339 non
888 3268 949 3339 vel
952 3262 1034 3338 saci-

65 3376 114 3466 le,
133 3376 191 3451 vel
203 3393 294 3449 certe
306 3376 419 3474 aliquo
432 3373 540 3448 modo
554 3374 662 3472 posset
674 3375 837 3451 ediscere?
850 3378 914 3449 Sed
922 3399 985 3474 ego
999 3375 1042 3445 in

67 3486 309 3584 hupraecepus
317 3483 445 3559 hanc
411 3510 483 3559 vnn
493 3486 617 3558 erhanc
627 3481 868 3562 unhtatemesle
878 3483 1039 3571 arbitror,

68 3619 142 3666 ιιοιι
155 3619 193 3670 ut
210 3596 252 3669 ad
274 3572 529 3693 reperiendum,
569 3588 657 3692 quid
666 3595 844 3767 (licaoniis,
874 3610 957 3662 arte
970 3589 1035 3658 dn
