2304 4304
392 315 694 389 LIBERI.
985 343 1027 418 ²5

60 502 159 568 mus,
183 496 287 574 atque
299 474 478 573 largiamur
492 475 630 577 inertiae
648 475 797 549 nostrae:
823 477 958 553 tertium
969 503 1032 551 ve-

61 609 128 670 ro,
152 585 248 682 quod
261 582 390 680 semper
403 583 550 667 oratoris
568 582 653 673 fuit,
678 583 738 653 nisi
751 582 956 675 tenebimus,
980 587 1032 657 ni·

59 694 107 765 bil
122 693 254 766 oratori
276 747 288 784 ,
326 693 362 765 in
382 719 450 792 quo
472 719 612 792 magnus
632 691 697 764 effe
711 691 837 788 possit,
861 694 1030 790 relinque,-

61 825 144 873 mus,
193 803 308 894 Quare
321 799 377 873 hic
391 802 482 887 locus
509 802 551 873 de
565 800 635 875 vita
649 821 683 872 et
707 799 858 872 moribus
883 820 972 874 totus
985 803 1032 876 est
1047 815 1079 877 ⁶9

61 909 192 984 oratori
210 910 460 1009 perdiscendus:
499 933 608 985 cetera
630 910 752 982 finon
770 909 946 1001 didicerit,
978 934 1031 985 ta·
1069 914 1075 925 '

61 1050 139 1099 men
152 1025 302 1122 poterit,
327 1024 351 1097 fi
374 1024 610 1124 quando'opus
630 1023 713 1111 erit,
739 1045 860 1093 ornare
876 1021 1032 1113 dicendo,
1080 1014 1083 1019 ’

61 1133 86 1205 st
109 1136 214 1208 modo
227 1153 326 1209 erunt
339 1137 381 1208 ad
407 1161 483 1208 euin
497 1134 628 1222 delata,
653 1157 687 1206 et
708 1131 839 1211 tradita.
898 1132 1033 1203 Etenim
1054 1146 1094 1215 16

62 1247 87 1317 fi
108 1244 237 1319 conslat
252 1248 337 1331 inter
360 1248 502 1338 dodos,
528 1245 876 1342 hominemignarum
892 1240 1033 1315 astrolo-

65 1354 159 1451 giae,
185 1357 325 1428 Aratum
359 1356 572 1437 ornatissimis
599 1375 698 1455 atque
725 1353 863 1451 optimis
884 1352 1034 1427 versibus

61 1463 103 1534 'de
116 1462 214 1535 coelo
233 1463 402 1563 stellisque,
416 1465 556 1538 dixisse:
582 1465 607 1536 fi
635 1465 676 1538 de
698 1464 795 1537 rebus
816 1459 942 1534 rusticis
965 1459 1032 1535 ho·

63 1572 185 1645 minem
204 1574 246 1646 ab
273 1578 656 1674 agroremotiffimum,
694 1577 899 1650 Nicandrum
922 1575 1031 1648 Colo·

62 1681 251 1777 phonium‚
276 1685 408 1781 poetica
434 1688 577 1786 quadam
600 1685 772 1778 facultate,
795 1714 867 1760 non
889 1686 1030 1781 rustica,

62 1791 218 1890 scripsisse
232 1795 416 1890 praeclare:
442 1797 609 1898 quidest,
634 1825 693 1872 cur
706 1820 902 1901 nonorator
921 1798 961 1871 de
974 1822 1032 1870 re·
1108 1792 1115 1807 '

61 1902 122 1976 bus
139 1902 180 1976 iis
199 1903 464 2003 eloquentissime
478 1911 583 2002 dicat,
608 1937 689 2011 quas
702 1913 744 1985 ad
762 1931 887 1985 certam
902 1910 1031 1987 causam

61 2036 258 2115 tempusque
271 2020 450 2117 cognorit?
476 2023 630 2111 Estenim
643 2024 802 2100 finitimus
812 2025 939 2098 oratori
946 2049 1030 2121 poe·
1046 2049 1080 2097 το

60 2149 121 2219 ta,
142 2131 288 2203 numeris
312 2105 494 2207 adstridior
513 2137 636 2234 paulo,
660 2138 844 2213 verborum
863 2155 973 2208 autem
989 2135 1031 2206 li·
1104 2210 1106 2214 ,

43 2238 171 2330 ,centia
191 2239 356 2326 liberior,
380 2243 489 2321 multis
514 2269 601 2320 vero
623 2246 766 2343 ornandi
780 2243 955 2344 generibus
977 2239 1032 2310 so-

61 2349 158 2440 ciuS,
186 2375 225 2422 ac
242 2375 348 2448 paene
373 2378 456 2450 par:
484 2353 520 2425 in
538 2355 606 2427 hoc
624 2356 761 2453 quidem
778 2373 868 2426 certe
882 2373 990 2446 prope
1004 2348 1032 2419 i·

44 2461 160 2548 uem,
186 2463 282 2536 nullis
306 2482 341 2537 ut
367 2463 518 2536 terminis
538 2460 785 2535 circumscribat
815 2480 871 2532 aut
896 2455 1032 2550 desiniat

61 2572 111 2646 ius
121 2573 218 2646 suum
233 2626 244 2664 ,
260 2599 330 2672 quo
342 2575 451 2649 minus
470 2573 502 2645 ei
514 2573 611 2657 liceat
625 2571 740 2644 eadem
757 2571 812 2643 illa
825 2569 979 2644 facultate
997 2591 1039 2658 et,

62 2683 161 2780 copia
185 2685 334 2783 vagari,
370 2710 438 2783 qua
475 2684 567 2759 velit.
619 2685 773 2782 Namque
800 2683 879 2755 illud
901 2677 1004 2781 quare
1018 2737 1029 2772 ,
1045 2717 1075 2769 7¹
1107 2754 1109 2758 .

60 2795 243 2883 Scaevola,
280 2796 404 2896 negasti
426 2815 459 2869 te
488 2788 592 2869 fuisse
606 2794 771 2887 laturum,
816 2792 876 2865 nist
900 2792 935 2864 in
951 2818 1031 2890 meo

60 2933 169 3007 regno
202 2898 315 2999 elles,
348 2908 453 3006 'quod
483 2909 519 2979 in
551 2908 646 2980 omni
691 2930 812 3004 genere
840 2903 1001 2975 sermonis
1016 2950 1032 2992 ,·

61 3017 96 3090 in
126 3021 222 3093 omni
246 3040 339 3117 parte
361 3020 573 3093 humanitatis
598 3019 741 3112 dixerim
758 3012 931 3088 oratorem
949 3025 1048 3105 pet-'
1089 3060 1092 3064 ι

62 3127 187 3201 fetrum
217 3130 283 3210 elle
310 3129 470 3202 debere?
526 3131 706 3226 Nunquam
741 3125 928 3207 mehercule
961 3121 1029 3196 hoc
1110 3160 1113 3166 ·

61 3237 235 3330 dicerem,
284 3238 310 3311 ti
351 3264 452 3327 eum,
493 3264 593 3337 quern
624 3237 745 3337 fingo,
780 3235 939 3332 meipsum
963 3233 1029 3306 esse

62 3349 252 3423 arbitrarer.
302 3351 387 3439 Sed,
418 3373 464 3423 ‘ut
480 3348 616 3439 solebat
638 3349 679 3420 C.
699 3340 841 3422 Lucilius
872 3344 966 3443 saepe
982 3344 1029 3416 di·
1044 3365 1077 3415 72

62 3480 138 3529 cere
174 3455 301 3555 (homo
325 3455 388 3530 tibi
420 3455 607 3544 subiratus,
655 3457 740 3529 mihi
775 3451 915 3553 propter
955 3479 1027 3526 earn
1044 3452 1052 3535 ,¹

62 3568 167 3667 ipsam
179 3571 309 3647 causam
322 3571 451 3661 minus,
466 3596 566 3670 quam
580 3569 735 3661 volebat,
761 3570 950 3656 familiaris,
974 3568 1029 3638 sed
1097 3606 1119 3622 ἰ

63 3693 177 3750 tamen
203 3699 237 3751 et
259 3678 399 3767 dodlus,
418 3696 453 3750 et
474 3674 695 3774 perurbanus)
724 3675 767 3748 (ιε
782 3675 887 3750 sentio
902 3726 912 3760 ,
929 3671 1030 3742 nemi-

64 3814 144 3862 nem
162 3788 227 3864 esle
245 3790 281 3864 in
298 3783 473 3865 oratorum
499 3816 641 3864 numero
654 3788 860 3881 habendum,
883 3781 939 3909 quj
958 3808 1029 3857 non
1059 3846 1060 3849 ,
1101 3808 1104 3814 ’

910 4074 921 4115 t
947 4109 950 4114 .
