2302 4304
137 290 185 385 76
360 280 399 361 D
423 288 452 358 E
498 268 534 359 O
558 287 590 360 R
613 288 644 359 A
667 226 711 372 T!
724 290 759 360 0
784 288 815 362 R
839 290 867 363 E

136 447 237 521 etiam
256 393 337 540 dlis,
361 472 442 557 quas
453 464 574 521 rtemm
587 448 711 551 legibus
724 448 811 522 ferre
825 448 997 523 debebant
1021 451 1109 524 Erat·

135 555 228 630 enim
240 500 396 644 Athdris,
420 581 480 633 teo
499 559 682 646 damnato,
705 557 842 631 srfraus
864 558 1011 656 capitalis
1029 584 1102 632 non

48 701 122 758 ²2³
108 669 242 760 resset,
265 667 355 768 quast
368 692 495 766 poenae
509 669 714 744 aestimatio:
739 671 940 747 etsentenria
953 671 1105 744 cumm-
1118 754 1119 759 η

79 722 266 863 „·dicibirs
292 777 448 863 daretur,
472 777 734 878 interrogabatur
760 802 834 852 teus
846 832 858 867 ,
883 804 985 878 quarn
1009 779 1103 878 quast

138 888 397 965 aestimationem
427 893 659 966 commeruisse
681 895 713 968 se
745 891 889 967 maxime
923 890 1108 964 confitere«

138 1013 211 1073 tur:
238 1000 422 1100 quodcum
439 1000 658 1101 interrogatus
672 1007 822 1079 Socrates
844 1003 942 1090 esset,
956 1003 1106 1101 ,respon-'2

34 1200 36 1206 ¹
139 1114 212 1204 dit,
247 1113 312 1192 sese
335 1114 508 1204 memisse,
541 1134 579 1190 ut
614 1116 814 1215 amplissimis
848 1115 1037 1192 honoribus
1071 1132 1110 1190 et

139 1221 293 1322 praemiis
312 1168 552 1314 decoraretur,
565 1245 598 1300 et
615 1246 654 1300 ut
670 1251 702 1297 er
691 1224 821 1302 vitus
839 1224 1078 1323 quotidianus
1069 1251 1105 1297 m

139 1341 307 1460 Prytaneo
320 1335 452 1431 publice
466 1337 692 1432 praeberetur,
706 1360 764 1433 qur
754 1335 888 1408 honos
901 1334 991 1431 apud
1002 1337 1105 1407 Grae·

75 1475 121 1531 233
141 1472 200 1519 cos
220 1424 383 1519 mariimus
403 1444 551 1520 habemr.
600 1443 704 1518 Cuius
735 1443 890 1541 responso
914 1442 959 1515 src
978 1443 1108 1518 iudicet

140 1553 347 1642 emesenum,
386 1569 423 1626 ut
458 1553 573 1652 capitis
603 1554 775 1628 hominem
802 1553 1105 1630 innocentissunum

140 1667 409 1765 condemnarent
431 1693 490 1764 qur
479 1667 635 1767 quidem
649 1668 674 1740 si
687 1669 852 1743 absolutus
868 1669 968 1758 esset,
982 1665 1107 1767 (quod

61 1860 64 1865 ,
141 1778 327 1852 mehercule
340 1777 463 1851 erramsr
472 1779 553 1852 ruhrl
562 1781 672 1854 adnos
681 1798 838 1879 pertinet
846 1799 956 1853 tamen
964 1799 1106 1878 propter

118 1983 120 1988 ,
141 1891 212 1963 eius
223 1885 357 1986 ingenii
378 1889 638 1994 magnitudinem
651 1890 795 1965 vellem:
803 1888 820 1990 )
835 1913 983 1989 quonam
997 1892 1105 1964 modo

142 1998 221 2072 istos
242 1974 457 2095 philosophos
470 1997 556 2070 serre
566 1997 754 2095 possemus
767 1997 826 2096 qui
838 2023 947 2087 nunc,
961 2023 1040 2071 cum
1053 1999 1113 2071 ille

143 2111 315 2184 damnatus
332 2108 379 2181 est
391 2109 536 2201 ,nidlam
550 2108 646 2181 aliam
659 2109 706 2183 ob
720 2109 873 2207 culpam,
895 2107 963 2182 msr
966 2127 1111 2207 propter

144 2222 277 2298 dicendi
295 2222 520 2313 inscientiam,
533 2245 643 2296 tamen
656 2243 676 2293 a
687 2222 719 2294 se
732 2243 889 2320 oportere
908 2219 1024 2293 dicunt
1037 2217 1108 2316 peti

145 2335 340 2438 praecepta?
368 2334 584 2430 Quibuscum
598 2358 663 2434 ego
686 2360 757 2407 non
769 2355 911 2431 pugno
932 2347 1047 2403 utrum
1068 2329 1109 2401 fir

146 2453 264 2529 melius
278 2504 289 2541 ‚
302 2467 359 2522 aut
373 2448 509 2523 verius·
500 2505 509 2521 .
522 2466 651 2524 tantum
665 2445 743 2519 dico
757 2499 769 2536 ‚
781 2461 815 2517 et
827 2441 916 2517 aliud
928 2441 1009 2514 illud
1022 2438 1114 2548 esse,¹

37 2589 45 2603 ¹
146 2579 243 2660 atque
258 2561 348 2649 hoc,
361 2561 474 2632 ethoc
493 2559 561 2633 fine
584 2557 643 2631 islo
665 2558 830 2632 summurn
850 2555 914 2628 esse
927 2551 1033 2650 posse.
1057 2571 1063 2580 ·
1097 2589 1102 2611 1

88 2691 126 2770 55
195 2671 283 2767 Nam
309 2666 403 2764 quod
428 2665 478 2738 ius
510 2665 632 2757 civile,
660 2665 801 2755 Crasse,
828 2682 898 2738 tam
920 2662 1120 2734 vehemen·'

69 2805 133 2857 234
147 2791 199 2858 ter
220 2771 389 2869 amplexus
416 2793 475 2860 es,
507 2769 611 2842 video
637 2770 720 2866 quid
740 2768 856 2866 egeris
881 2786 974 2856 tum,
1002 2787 1108 2864 qutun

59 2943 62 2948 .
149 2883 301 2971 dicebas,
326 2823 501 2954 videbam.
520 2877 673 2954 Primum
701 2876 882 2951 Scaevolae
905 2897 939 2949 te
968 2870 1117 2967 dedisti,

149 3019 248 3092 quern
278 3013 396 3065 omnes
421 3012 532 3062 amare
564 2987 770 3061 meritissimo
797 3011 861 3084 pro
888 2985 958 3058 eius
984 2979 1125 3056 eximia*

148 3101 309 3176 suavitate
326 3090 497 3172 debemus:
512 3096 612 3171 cuius
628 3114 732 3173 artem
747 3121 823 3171 cum
842 3095 1025 3169 indotatam
1040 3087 1115 3162 esse

151 3235 185 3285 et
218 3212 400 3287 incomtam
431 3210 581 3300 videres,
601 3209 785 3282 verborum
807 3232 880 3280 eam
910 3205 990 3279 dote
1015 3200 1110 3275 locu·

13 3345 16 3357 ·
63 3330 82 3359 ‘·
152 3315 278 3417 pletasti
300 3337 334 3391 et
354 3314 485 3391 ornasti
510 3315 643 3390 Deinde
664 3312 780 3414 quod
771 3340 806 3385 m
820 3332 858 3386 ea
871 3331 908 3385 tu
931 3309 1004 3408 plus
1027 3331 1110 3405 ope·

152 3448 209 3496 rae
233 3423 418 3524 laborisque
455 3424 699 3516 consumseras,
727 3450 803 3499 cum
829 3423 898 3496 eius
927 3418 1024 3508 studii
1047 3417 1118 3492 tibi

152 3552 187 3605 et
212 3530 365 3604 hortator
376 3550 410 3605 et
428 3531 578 3630 magister
599 3533 678 3605 esset
697 3532 805 3621 domi,
828 3531 954 3606 veritus
975 3554 1045 3621 es,
1042 3527 1110 3600 niu

37 3693 43 3738 4
153 3641 248 3716 istam
260 3662 364 3715 artem
380 3641 531 3714 oratione
551 3639 789 3738 exaggerasset,
809 3663 852 3710 ne
875 3661 1013 3734 operam
1036 3661 1112 3733 per

156 3755 297 3848 didisset,
320 3754 384 3862 Sed
405 3778 470 3854 ego
492 3777 535 3827 ne
556 3777 633 3828 cum
656 3752 714 3827 ista
734 3753 867 3853 quidem
889 3769 959 3862 arte
981 3772 1118 3850 pugnm
