2302 4304
147 342 218 415 3η
471 282 906 415 ΒΚυΤῢὶιμ

143 476 211 572 ipsa
238 477 406 574 republica
429 474 475 551 est
495 479 682 553 intersedus
699 481 804 552 :alter
824 498 965 577 propter
988 507 1095 580 perpe·

141 601 231 658 tuam
253 588 290 659 in
311 587 465 684 populari
486 587 615 660 ratione
633 588 825 679 levitatem,
847 608 959 661 morte
980 590 1092 662 volun·

140 696 221 768 tatia
245 697 277 769 se
298 722 318 768 a
343 696 513 772 severitate
546 696 693 770 iudicum
721 696 915 771 vindicavit
944 701 1014 771 Sed·
1038 701 1092 773 fuit

141 822 279 904 uterque
306 805 449 880 summus
476 822 610 896 orator,
633 824 730 903 atque
748 807 815 879 hoc
831 809 1012 881 'memoria
1039 835 1091 907 pa-

74 927 122 979 104
141 928 229 983 trum
256 911 336 985 teste
354 913 501 986 dicimus.
532 915 618 985 Nam
639 938 672 986 et
690 913 878 1001 Carbonis,
901 935 936 988 et
960 917 1092 992 Gracchi

140 1018 298 1093 habemus
310 1024 502 1105 orationes,
520 1020 670 1094 nondum
692 1020 765 1093 satis
777 1021 963 1117 splendidas
981 1027 1093 1117 verbis,

138 1129 194 1202 sed
212 1149 343 1219 acutas,
371 1129 628 1226 prudentiaeque
662 1127 866 1225 plenissimas.
900 1133 975 1207 Fuit
998 1130 1120 1208 Grac?

138 1227 219 1312 'chus
254 1240 420 1341 diligentia
444 1239 620 1310 Corneliae
645 1239 756 1314 matris
778 1267 798 1312 a
823 1268 931 1338 puero
960 1247 1090 1338 dedus,

137 1369 171 1422 et
191 1352 329 1423 Graecis
346 1351 445 1421 literis
461 1351 615 1423 eruditus.
643 1378 721 1423 nam
747 1352 875 1478 semper
899 1355 1015 1430 habuit
1038 1384 1089 1431 ex·

136 1458 271 1554 quisrros
299 1460 478 1531 eGraecia
501 1456 722 1557 magistros,'
714 1487 749 1533 rn
770 1463 816 1535 eis
830 1464 898 1536 iam
911 1467 1087 1541 adolescens

135 1567 347 1665 Diophanem
380 1569 646 1668 Mitylenaeum,
678 1573 865 1659 Graeciae,
892 1578 1087 1700 temporibus

134 1678 218 1768 illis,
233 1678 489 1753 disertissimum
503 1676 558 1751 sed
578 1697 612 1751 et
632 1679 734 1753 breve
747 1704 877 1787 tempus
898 1684 1024 1782 ingenii
1038 1712 1086 1758 au·

69 1811 112 1863 ¹05
134 1787 233 1884 gendi
257 1810 291 1861 et
308 1789 494 1862 declarandi
516 1788 587 1861 fuit.
624 1789 737 1863 Carbo
751 1792 894 1887 ,quoad
923 1793 995 1867 vita
1018 1795 1082 1892 sup·

92 1900 315 1994 ·peditavit,
330 1898 407 1971 est
399 1927 434 1972 1n
454 1901 565 1975 multis
590 1900 718 1974 iudiciis
741 1901 911 2001 causisque
930 1907 1082 2004 cognitus

131 2007 232 2078 Hunc
246 2007 304 2105 qui
326 2005 495 2079 audierant
515 1992 693 2103 prudentes
712 1999 925 2098 homines,
916 2037 952 2082 1n
976 2013 1082 2110 quibus

132 2116 298 2192 familiaris
319 2119 430 2192 noster
453 2121 489 2192 l„
505 2118 652 2207 Gellius,
673 2144 730 2214 qur
721 2117 779 2191 se
804 2117 851 2189 illi
867 2122 1080 2196 contuberna-

130 2227 196 2301 lem
219 2229 253 2301 in
279 2227 448 2302 consulatu
478 2226 573 2299 fuisse
596 2228 772 2317 narrabat,
794 2251 955 2302 canorum
977 2251 1079 2304 orato·

129 2363 227 2427 rem,
247 2359 280 2410 et
296 2338 505 2425 volubilem,
531 2357 564 2407 et
588 2332 660 2407 satis
679 2360 810 2425 acrem,
828 2358 926 2434 atque
949 2341 1086 2445 etmdem‘

128 2463 163 2517 et
183 2447 439 2535 vehementem,
466 2463 500 2517 et
529 2443 625 2518 valde
652 2443 803 2534 dulcem,
821 2463 854 2516 et
885 2445 1078 2541 perfacetum

127 2554 222 2627 fuisse
240 2557 369 2628 dicebat
384 2584 393 2627 :
407 2557 572 2645 addebat,
586 2553 780 2648 industrium
803 2555 903 2627 etiam
918 2571 929 2645 ,
957 2580 993 2629 et
1015 2557 1077 2629 dili·

126 2684 282 2762 gentem,
299 2683 331 2736 et
355 2667 390 2736 in
421 2665 709 2739 exercitationibus
736 2664 1078 2769 commentationibus·

62 2787 108 2836 106
125 2799 190 2871 que
209 2775 347 2845 multum
373 2800 494 2870 operae
517 2775 648 2848 solitum
670 2774 733 2847 esse
754 2798 891 2871 ponere.
911 2776 978 2848 Hic
990 2776 1076 2874 opti·

124 2910 221 2973 mus,
243 2883 304 2956 illis
322 2885 551 2980 temporibus,
570 2883 616 2955 esl
628 2879 786 2987 patronus
800 2883 955 2976 habitus,
979 2909 1076 2986 eoque

123 2994 236 3068 forum
263 3014 394 3069 tenente
416 2996 509 3092 plura
539 2993 611 3066 fieri
637 2996 758 3096 iudicia
788 3019 982 3094 coeperunt.
1008 3027 1075 3076 narn

121 3125 155 3178 et
190 3104 393 3206 quaestiones
418 3127 619 3203 perpetuae,
642 3107 708 3179 hoc
729 3106 938 3183 adolescente
958 3113 1075 3186 consti·
1109 3097 1113 3104 ¹

119 3231 208 3286 tutae
235 3215 333 3301 sunt,
357 3241 439 3313 quae
472 3231 566 3288 antea
593 3215 699 3297 nullae
720 3215 910 3318 fuerunt,(
934 3223 973 3294 L
993 3224 1074 3296 enirn

118 3322 218 3406 Piso,
244 3323 393 3396 tribtmus
417 3324 522 3420 plebis
540 3316 649 3423 legem
660 3326 792 3423 ‘primus
808 3329 850 3400 de
862 3333 1015 3425 pecuniis
1029 3359 1074 3406 re·

117 3432 283 3528 petundis‚
297 3433 484 3507 Censorino
498 3453 532 3507 et
544 3436 682 3509 Manilio
692 3426 896 3530 ,considibuu
910 3444 999 3519 tulit.
1013 3447 1075 3544 ipse

116 3544 213 3615 etiam
245 3541 318 3616 Piso
344 3566 377 3615 et
404 3545 525 3618 causas
541 3546 609 3644 egit
623 3565 681 3637 ,et
698 3548 874 3623 multarum
893 3552 1006 3650 legum
1023 3577 1074 3630 aut
1090 3632 1092 3637 ,

114 3655 248 3741 audor,
267 3671 322 3737 aut
354 3653 509 3744 dissuasor
529 3654 613 3757 suit,
638 3656 729 3753 isque
749 3657 795 3735 e't‘
805 3660 976 3743 orationes
1004 3663 1074 3736 reli·

63 3767 210 4024 tquit,
227 3793 313 3869 quae
320 3764 386 3843 iam
397 3789 633 3881 evanuerunt,¹
641 3788 674 3846 et
691 3771 845 3878 annales,
859 3769 935 3860 sane
949 3775 1075 3852 exiliter
1089 3784 1092 3789 '
