2302 4304
153 311 199 417 96
381 304 893 382 DEORATORE

32 551 37 558 .
146 468 313 544 assentior.
348 496 467 546 verum
495 473 557 544 otii
584 472 708 545 frutlus
735 469 805 561 est,
840 496 910 544 non
937 473 1123 549 contentio

103 575 267 672 6animi‚
295 581 351 657 sed
383 583 566 667 relaxari0„
600 585 702 681 Saepe
728 608 771 655 ex
803 583 921 656 socero
948 606 1029 654 meo
1053 609 1120 657 au·

145 693 240 784 divi,
261 718 338 768 cum
354 694 383 769 is
396 695 537 785 diceret,
560 693 713 767 socerum
726 691 819 764 suum
828 691 973 765 laelium
986 693 1119 790 semper

39 807 45 817 ’
144 802 213 877 sere
226 831 303 878 cum
317 803 472 902 Scipione
490 804 622 878 solitum
638 797 802 890 rusticari,
826 800 949 898 eosque
967 801 1115 875 incredi-

144 916 252 990 biliter
269 919 495 1016 repuerascere
516 918 582 990 else
607 917 747 1006 solitos,
775 940 852 987 cum
879 941 939 995 rus,
952 940 994 987 ex
1011 917 1113 1018 urbe,

143 1041 335 1125 tanquame
357 1027 518 1116 vinculis,
538 1022 762 1101 evolavissent.
780 1026 861 1097 Non
877 1025 985 1098 audeo
1001 1027 1117 1110 dicere

100 1214 103 1219 ,
143 1138 185 1214 de
213 1139 330 1214 talibus
354 1138 456 1230 uiris,
481 1141 536 1214 sed
557 1159 669 1212 tamen
692 1134 738 1209 ita
760 1136 842 1209 solet
865 1160 995 1215 narrare
1014 1115 1125 1212 Scae-⁸

142 1252 244 1344 vola,
269 1254 412 1328 conchas
432 1278 492 1327 eos
516 1270 549 1326 et
573 1245 751 1326 umbilicos
774 1251 816 1322 ad
837 1250 986 1323 Caietam
1006 1273 1042 1325 et
1066 1255 1111 1328 ad

143 1365 345 1436 Laurentum
370 1364 478 1463 legere
512 1361 710 1455 consuesse,
730 1360 823 1434 er-ad
841 1382 978 1434 omnem
994 1363 1109 1436 animi

93 1495 123 1550 ²3
142 1473 391 1563 remissronem,
417 1472 602 1574 ludumque
635 1474 842 1551 descendere.
886 1476 941 1547 Sic
964 1465 1111 1552 enimse

142 1605 194 1654 res
217 1581 315 1658 habet
327 1609 337 1654 z
350 1583 432 1683 [ut]
453 1582 735 1684 quemadmodum
758 1581 918 1655 volucres.
934 1582 1108 1678 videmus,

142 1695 392 1797 procreationis,
408 1714 506 1795 atque
528 1692 675 1768 utilitatis
697 1692 771 1782 suae
797 1692 906 1782 causa,
932 1690 1058 1791 fingere
1073 1719 1108 1771 et

19 1832 23 1842 ·
143 1804 331 1890 construere
358 1808 482 1898 nidos,
508 1807 635 1882 easdem
658 1824 792 1891 autem,
816 1830 892 1876 curn
912 1804 1037 1904 aliquid
1053 1808 1105 1881 es-

140 1910 289 2005 secerint,
302 1915 434 1988 levandi
442 1916 563 1989 laboris
575 1915 623 1989 sui
636 1914 742 2002 causa,
757 1911 870 2009 paffirn
882 1938 921 1985 ac
930 1913 1032 1989 libere
1048 1917 1106 1990 so-

137 2019 222 2095 lutas
232 2048 334 2122 opere
344 2028 506 2103 volitare:
517 2027 561 2101 fic
574 2022 676 2098 nostri
693 2022 793 2096 animi
802 2021 984 2111 forensibus
996 2052 1105 2125 nego-

116 2206 121 2218 ,
138 2135 204 2226 tiis,
212 2154 309 2236 arque
316 2140 443 2212 urbano
453 2162 553 2237 opere
561 2134 683 2229 defessi,
696 2135 845 2236 gellium,
853 2162 891 2209 ac
901 2134 1043 2211 volitare
1052 2166 1106 2212 cu·

89 2244 245 2343 ²4'piunr,
259 2249 355 2324 vacui
369 2272 445 2323 cura
457 2268 555 2348 atque
568 2249 690 2322 labore.
704 2252 817 2346 ltaque
826 2244 923 2338 illud,
933 2248 1027 2346 quod
1038 2275 1105 2350 ego

63 2442 65 2449 k
137 2351 288 2432 incausa
303 2361 460 2434 Curiana
484 2359 660 2435 Scaevolae
682 2358 775 2451 dixi,
795 2382 864 2429 non
892 2359 962 2430 dixi
985 2359 1103 2452 secto,

137 2467 373 2544 acsentieham.
423 2471 567 2562 Narns1‚
587 2470 744 2567 inquam,
775 2465 948 2556 Scaevola,
974 2467 1102 2540 nullum

135 2580 434 2660 eritreslamenmm
446 2587 532 2656 recle
542 2585 683 2670 sathon,
702 2576 761 2652 nisr
772 2580 864 2679 quod
878 2578 1102 2681 tuscripseris,

25 2717 28 2730 ·
137 2712 254 2763 omnes
266 2693 308 2761 ad
317 2694 452 2765 recines
465 2718 542 2764 cum
554 2693 670 2765 tabulis
682 2689 866 2775 venemur,
883 2689 1034 2761 omnium
1048 2708 1100 2762 re-

94 2874 105 2907 Ι,
136 2792 291 2871 slamenta
320 2818 357 2872 tu
385 2801 504 2874 scribes
533 2829 626 2876 unus.
662 2802 744 2900 quid
772 2801 900 2901 igitur?
945 2802 1099 2899 inquam:

135 2910 272 3004 quando
295 2936 370 3010 ages
384 2913 553 3010 negotium
576 2911 775 3010 publicum?
813 2911 947 3009 quando
966 2911 1098 2984 amico-

134 3017 239 3090 rum?
262 3022 396 3119 quando
422 3021 544 3095 tuum?
569 3023 703 3120 quando
726 3023 866 3119 denique
896 3020 975 3111 nihil
989 3022 1097 3118 ages?

133 3145 204 3200 tum
218 3129 298 3203 illud
311 3129 442 3204 addidi:
467 3133 549 3203 mihi
572 3134 661 3205 enim
679 3132 761 3204 liber
774 3131 837 3204 esse
861 3156 931 3206 non
945 3130 1112 3224 viderur,'

132 3242 190 3339 qui
208 3269 277 3317 non
291 3247 467 3345 aliquando
486 3248 565 3321 nihil
583 3250 657 3347 agit.
686 3252 800 3345 inqua
813 3268 1007 3346 permanen,
1027 3248 1099 3321 Ca·

133 3351 220 3443 mle,
246 3355 425 3448 sententia,
451 3362 585 3458 meque,
604 3385 680 3432 cum
700 3359 766 3431 huc
780 3361 875 3450 veni,
900 3358 968 3430 hoc
987 3357 1098 3455 ipsum

84 3485 113 3537 ²5
132 3465 212 3538 nihil
229 3491 339 3564 agere,
357 3494 396 3550 ea¹
405 3471 499 3567 plane
512 3470 651 3559 cessare,
678 3468 821 3544 delectat.
871 3473 978 3558 Nam,
1000 3474 1099 3568 quod

131 3583 282 3658 addidisti
295 3587 442 3674 tertium,
470 3613 534 3663 vos
553 3612 611 3662 eos
633 3583 715 3679 elle,
733 3589 789 3686 qui
806 3584 910 3660 vitam
924 3585 1098 3661 insuavem

131 3692 197 3766 sme
214 3695 264 3766 his
279 3691 389 3767 studiis
407 3696 582 3792 putaretis,
604 3697 640 3768 id
652 3721 705 3768 me
724 3723 792 3768 non
806 3697 912 3768 modo
931 3719 1001 3765 non
1008 3695 1096 3765 hor'-

129 3820 216 3886 tatur
228 3805 270 3878 ad
286 3801 535 3902 disputandrun,
558 3803 627 3879 sed
639 3805 736 3878 etiam
755 3805 906 3879 deterret.
955 3806 1046 3879 Nam
1059 3823 1097 3878 ut

64 3908 110 4048 Ι,
