2302 4304
82 293 87 301 ·
167 294 233 390 196
415 276 923 381 Daonn‘roni:

160 453 259 526 etiam
280 452 373 551 quod
385 477 457 523 eam
472 450 653 541 virtutem,
674 476 756 548 quae
782 451 981 524 narrationis
1001 450 1049 524 est
1061 478 1129 526 ma·

137 629 142 640 .
158 568 269 656 xima,
293 573 331 638 u't
346 566 487 637 iucunda
501 619 513 654 ,
540 583 573 637 et
587 565 629 636 ad
642 563 902 663 persuadendum
924 589 1124 639 accommo-

60 729 63 737 .
92 689 141 745 327
158 678 234 749 data
256 675 315 766 stt,
342 676 437 747 tollit.
486 677 534 746 Ut
555 674 634 764 illa,
659 676 746 744 Nam
766 679 795 744 is
816 675 982 776 postquam
997 678 1122 772 cxceffit

155 818 199 860 cx
222 792 369 884 ephebis,
405 788 620 886 quamlonga
642 787 688 860 est
706 786 878 860 narratio!
900 814 1016 863 mores
1038 793 1120 863 ado·

153 883 301 972 lescentis
313 898 410 994 ipsius
424 953 435 988 ,
449 921 482 971 et
497 898 622 972 servilis
642 898 851 996 percontatio
865 951 877 987 ,
897 921 992 970 mors
1002 899 1117 998 Chry·

152 1010 263 1101 srdis,
297 1009 408 1083 vultus
435 1026 469 1082 et
500 1007 638 1098 forma,
653 1086 655 1089 ,
672 1031 705 1082 et
738 1008 932 1080 lamentatio
963 1008 1115 1101 sororis,

151 1123 302 1222 reliqua,
319 1120 488 1217 ,pervarie
515 1120 721 1219 iucundeque
756 1137 938 1215 narrantur.
988 1125 1112 1218 Quodsi

151 1235 237 1307 hanc
263 1234 463 1306 brevitatem
491 1232 680 1331 quaefiffet,

297 1390 455 1488 Effirtur,
476 1394 560 1462 imus
580 1417 593 1460 .·
614 1395 660 1461 ad
665 1393 844 1498 sepulcrum
867 1392 1043 1468 verrimus:

295 1516 337 1583 In
357 1516 458 1608 ignem
473 1511 577 1610 pofita
597 1514 651 1613 est,
734 1582 744 1598 „

148 1674 199 1746 his
221 1671 293 1745 fere
319 1672 437 1744 decem
459 1671 571 1746 verbis
586 1684 716 1743 *totum
740 1670 908 1745 conficere
931 1673 1107 1769 potuisset:

146 1804 348 1877 quamquam
366 1779 433 1852 hoc
463 1779 594 1875 ipsum,
622 1775 916 1876 Effinur,imur,
941 1780 1106 1852 concisum

146 1888 219 1979 est,
239 1886 309 1978 ita,
334 1907 372 1960 ut
393 1913 462 1960 non
489 1887 645 1961 brevitati
671 1885 830 1959 servitum
853 1883 917 1975 stt,
937 1884 994 1958 sed
1008 1892 1106 1992 magis

78 2003 126 2069 3²⁸
145 1997 319 2074 venustati.
343 1998 473 2091 Quodsi
499 1997 580 2070 nihil
599 1997 734 2087 fuisset,
756 1997 833 2087 nifi,
860 2000 902 2067 In
925 2001 1028 2093 ignem
1047 2030 1105 2095 po-

130 2105 426 2208 sttaest31amen
458 2133 509 2181 res
536 2129 609 2181 tota
638 2108 794 2207 cognosci
824 2107 920 2182 facile
941 2112 1104 2206 potuisset.

141 2217 207 2289 Sed
231 2235 266 2289 et
290 2216 499 2292 festivitatem
521 2219 620 2291 habet
644 2219 790 2292 narratio
817 2217 966 2296 distincta
992 2224 1102 2318 perso·

140 2327 214 2418 nis,
239 2344 272 2398 et
288 2327 495 2425 interpunda
511 2327 747 2400 sermonibus:
765 2346 798 2400 et
818 2327 865 2400 est
882 2331 1104 2425 probabilius,

138 2438 234 2534 quod
256 2438 380 2534 gestum
399 2437 465 2512 effe
487 2438 601 2525 dicas,
628 2464 725 2527 cum,
743 2438 1028 2536 quemadmodum
1052 2465 1102 2514 ac·

139 2564 211 2620 tum
242 2550 297 2643 fit,
316 2575 464 2646 exponas
478 2605 489 2640 ,
503 2569 536 2623 et
560 2549 667 2623 multo
693 2549 835 2645 apertius
858 2548 900 2619 ad
916 2548 1100 2648 intelligen-

139 2655 221 2727 dum
242 2654 315 2747 est,
335 2655 360 2726 sr
384 2657 428 2728 sic
457 2657 642 2731 confistitur
664 2657 862 2777 aliquando,
889 2681 930 2730 ac
951 2682 1023 2729 non
1044 2657 1099 2730 ista

70 2781 119 2837 ³²9
138 2759 304 2835 brevitate
321 2762 535 2859 percurritur
573 2764 731 2858 Apertam
759 2762 848 2834 enim
875 2765 1097 2839 narrationem

132 2889 207 2942 tam
229 2867 295 2941 esse
317 2889 475 2969 oportet,
497 2897 614 2969 quam
623 2880 755 2945 cetera.
779 2873 832 2944 sed
851 2872 920 2952 hoc
939 2877 1044 2974 magis
1065 2877 1096 2948 in

135 2969 199 3049 hac
225 2976 463 3050 elaborandum
486 2977 532 3050 est
541 2980 667 3076 qu,od
694 3001 729 3054 et
750 2982 911 3056 difficilius
933 2985 1004 3078 est,
1028 3013 1095 3061 non

134 3084 201 3157 esse
223 3086 432 3168 obscurum
422 3114 458 3159 rn
479 3112 515 3158 re
539 3034 724 3178 barranda,
746 3115 846 3188 quam
867 3109 923 3164 aut
943 3095 979 3165 in
1003 3096 1094 3193 prin·

30 3292 33 3297 ἱ
132 3197 246 3293 cipio,
273 3218 329 3274 aut
358 3198 394 3272 in
425 3224 642 3298 argumento,
670 3219 724 3274 aut
751 3202 786 3274 in
810 3205 1015 3301 purgando,
1040 3226 1093 3281 aut
1142 3291 1145 3297 ¹

94 3363 95 3367 ,
127 3306 168 3380 in
194 3310 406 3401 perorando.
431 3328 465 3382 et
481 3311 608 3383 maiore
633 3312 787 3406 periculo
804 3315 886 3386 haec
912 3341 992 3440 pars
1018 3342 1092 3391 ora·

118 3415 233 3490 ‘tionis
251 3417 390 3492 obscura
416 3418 463 3491 est
468 3445 600 3519 ,quam
614 3443 759 3495 ceterae.
788 3410 843 3500 vel
864 3425 964 3524 quia,
967 3425 1090 3528 siquo
1143 3459 1145 3465 ·

127 3525 226 3598 alio
217 3551 253 3596 rn
270 3526 350 3598 loco
374 3527 420 3600 est
446 3473 567 3602 ditium
585 3530 667 3627 quid
685 3532 878 3625 obscurius,
905 3538 1089 3611 tantumid

62 3629 241 3732 perit,
280 3636 412 3734 quod
403 3655 449 3709 1ta
486 3636 608 3710 ditum
632 3638 705 3713 est:-
692 3644 867 3717 marratio
880 3644 1087 3721 obscuram·

24 3772 25 3776 ’
127 3759 196 3818 tam
220 3745 381 3824 obcaecat
409 3746 634 3825 orationem:
660 3752 720 3828 ver
750 3754 844 3850 quod
873 3754 935 3832 alia
966 3756 1086 3854 poffir,
1136 3740 1138 3751 ¹

64 3884 113 4016 t
