2304 4304
309 278 699 396 srssuuaus·
809 344 814 353 ·
902 276 1023 403 '³89

59 487 172 561 neque
194 461 340 565 poffipr,
370 462 395 534 sr
422 462 543 555 velim,
580 487 643 540 nec
679 461 782 536 velim
812 461 1025 555 formdie,1i

60 574 196 671 poffim.
240 578 310 664 Ur,
332 574 357 646 fi
376 574 450 672 quis
469 575 607 647 Falerno
636 574 722 648 vino
744 573 939 666 delesietur,
964 576 1049 650 'sed'
1107 638 1110 642 .

61 710 107 757 eo
130 711 193 761 nec
218 687 262 759 ita
283 710 396 777 novo,
430 707 478 761 ut>
493 688 656 785 proximis
690 686 878 784 consulibus
893 770 895 775 ,
910 706 1047 763 natum·

61 795 174 882 velit;
199 821 261 870 nec
287 796 395 870 rursm
421 797 468 870 ita
498 822 635 888 vetere,
661 820 700 873 ut
726 798 931 896 Opimium,
966 821 1023 874 aut

61 904 220 977 Anicium
242 905 408 979 confidem
430 928 586 1006 quaerat:
615 907 726 1008 (arqui
745 935 802 982 eae
824 900 925 1001 noiae
949 906 1025 984 sune

60 1016 208 1111 optimae
219 1018 367 1105 ,credoz
385 1019 440 1091 sed
458 1019 560 1091 nimia
579 1018 731 1101 uendias‘
742 1045 804 1093 nec
821 1019 923 1092 habet
936 1044 1023 1109 eam,

62 1151 164 1224 quam
199 1130 410 1226 quaerimus,
442 1131 659 1220 suavitatem,
690 1155 755 1204 nee
785 1129 832 1203 est
857 1132 922 1202 iam
948 1120 1022 1233 sane

61 1240 253 1322 tolerabilis.
274 1268 355 1314 num
377 1243 498 1340 igitur,
518 1242 588 1341 qui
612 1244 680 1316 hoc
704 1243 819 1316 sentiat
825 1241 887 1329 ,fi
908 1242 937 1314 is
958 1240 1021 1337 poi
1042 1261 1094 1313 πει

61 1360 133 1416 tare
154 1348 258 1436 velit,
286 1350 327 1422 de
350 1351 444 1423 dolio
464 1351 524 1425 fibi
541 1352 760 1426 hauriendum
781 1353 903 1451 puter?
924 1354 1039 1447 mini·

61 1478 137 1525 me:
163 1453 221 1528 sed
240 1460 405 1555 quandam
426 1460 853 1562 sequamr,.aetatem.).s1c
871 1488 937 1573 ego
955 1461 1026 1538 istis

62 1562 245 1641 censuerim
266 1585 300 1642 et
320 1591 448 1672 novam
468 1569 585 1662 istam,
607 1572 699 1672 quasi
721 1564 762 1646 de
781 1559 890 1645 musio
916 1595 954 1645 ac
973 1574 1024 1646 ia-
1072 1630 1074 1635 -

62 1699 126 1764 cu,
162 1675 326 1752 servidam
359 1682 548 1755 orationem
578 1683 797 1784 fugiendam,
837 1701 900 1767 nee
933 1687 1024 1761 illam

62 1785 267 1881 praeclaram
293 1791 510 1890 Thucydidis
536 1782 648 1869 nimis¹
665 1810 840 1886 veterem,
864 1814 1021 1894 tanquam

61 1893 259 1971 Anicianam
293 1920 406 1975 notam
416 1955 431 1990 ,
475 1901 744 2002 persequendam.
788 1959 796 1981 ‚-
820 1906 890 2005 Ipse
931 1906 1024 1981 eninr

63 2005 281 2107 Thucydides
310 2011 334 2083 si
366 2011 541 2110 posterius.
554 2014 681 2111 suisset,
725 2016 833 2090 multo
859 2016 1023 2091 maturior
1136 2040 1139 2047 ’

61 2116 175 2193 firiffet
191 2138 228 2194 et
251 2123 379 2198 mitior.
424 2125 693 2200 Demosthenem.
715 2129 818 2225 igitur
845 2127 1024 2208 imitemur.
1044 2124 1092 2216 84·

62 2231 99 2302 Ο
120 2231 168 2302 dii
190 2233 293 2308 boni!
319 2237 422 2334 quid,
443 2238 586 2335 quaeso,
612 2264 675 2313 nos
694 2240 784 2312 aliud
806 2237 947 2335 agimus,
967 2259 1023 2311 aut
1042 2246 1098 2310 28⁹¹

27 2441 28 2445 Ἴ
62 2341 146 2438 quid
174 2340 261 2415 aliud
294 2343 483 2440 optamus?
531 2347 576 2416 At
589 2422 591 2427 ,
605 2367 675 2416 non
703 2342 915 2441 assequimur..
968 2341 1024 2417 Isti

61 2450 180 2536 enim,
197 2450 351 2549 uidelicet
374 2449 484 2535 Attici¹
500 2448 622 2539 nostri,
658 2449 752 2546 quod
772 2447 917 2541 volum,
943 2447 1028 2521 affe·

59 2570 221 2658 quuntur.
251 2587 294 2636 ne
324 2560 407 2634 illud
432 2559 568 2657 quidem
593 2559 797 2659 intelligunt,
824 2580 894 2632 non
917 2561 1028 2634 modo

25 2705 30 2715 ·
59 2674 110 2747 ita
129 2677 311 2750 memoriae
330 2677 500 2774 proditum
523 2675 604 2765 esse,
627 2675 684 2751 sed
704 2677 750 2748 ita
766 2674 892 2752 necesse
912 2676 1028 2768 fuisse,

60 2809 143 2857 cum
181 2787 425 2878 Demosthenes
456 2786 606 2862 didimus
626 2785 724 2876 effer,
760 2804 798 2860 ut
825 2787 1030 2877 concursus,

59 2892 219 2967 audiendi
239 2895 353 2992 causa,
377 2919 423 2968 ex
438 2915 511 2967 rora
529 2892 681 2974 Graecia
694 2891 822 2969 fierent.
870 2897 916 2968 At
947 2916 1026 2968 cum
1084 2927 1087 2932 ·

60 3000 115 3074 isti
138 3002 241 3083 Attici
262 3004 404 3094 dicunt,
434 3028 506 3077 non
532 3004 637 3080 modo
653 3028 680 3076 va
702 3029 849 3091 corona,
868 3006 962 3100 quod
978 3003 1032 3076 est·
1073 3012 1076 3017 “

60 3114 173 3213 ipsum
202 3117 401 3210 miserabile,
438 3117 626 3197 sedetiam
660 3118 701 3191 ab
729 3115 901 3188 advocatis
924 3113 1033 3186 resin·-

60 3242 220 3324 quamtur.
269 3224 383 3323 Quare
403 3224 432 3302 s1
454 3228 586 3330 anguste
612 3247 647 3302 et
677 3227 807 3300 exiliter
829 3224 955 3313 dicere,
977 3226 1025 3299 esi

61 3333 278 3428 Atticorum,
302 3338 364 3413 sina
382 3337 456 3412 san'e
475 3338 602 3413 Attici:
632 3337 687 3409 sed
708 3335 746 3406 in'
766 3334 942 3407 comitium
965 3362 1033 3408 ve-
1124 3340 1127 3345 ’

62 3443 176 3535 niant,
201 3447 244 3519 ad
259 3445 396 3523 stantem
418 3447 563 3522 iudicem
585 3446 708 3520 dicant.
756 3444 910 3518 Subsellia
929 3467 1029 3540 gran-

64 3553 201 3629 diorem
214 3580 248 3632 et
265 3559 450 3658 pleniorem
461 3577 594 3652 'vocem
607 3558 801 3633 desiderant.
849 3555 943 3631 Volo
960 3554 1097 3644 hoc'290

62 3667 196 3739 oratori
214 3671 403 3770 contingat,
430 3690 491 3761 ut,
517 3689 595 3746 cum
617 3672 843 3760 auditumst,
864 3694 940 3743 eum
962 3669 1032 3742 effe·

26 3779 30 3786 “
63 3769 257 3870 damiam,
279 3776 372 3853 iocus
387 3777 430 3850 in
449 3774 609 3854 subselliis·
628 3787 835 3946 occupetpr,
853 3775 1031 3873 complea-
