2302 4304
371 308 680 389 BRUTUS.
935 338 1007 412 379

46 481 173 557 vellent
198 479 339 554 scribere
362 477 550 563 historiam3
570 466 705 573 'ineptis
727 491 855 572 gratum
875 472 1009 546 fortaffe

48 595 153 683 fecit,
195 593 254 691 qui
280 591 396 687 volent
430 590 484 660 illa
512 588 699 662 calamistris
729 588 876 658 inurere:
915 586 1010 660 sanos

52 706 189 804 quidem
203 702 355 776 homines
371 727 390 773 a
412 699 584 772 scribendo
602 697 766 792 deterruit,
815 695 907 767 Nihil
920 697 1009 767 enim
1040 731 1050 749 ι

50 811 97 896 est
126 812 163 883 in
194 809 330 882 historia
353 834 434 905 pura
469 825 502 880 et
532 804 645 878 illustri
680 805 845 876 brevitate
871 804 1008 878 dulcius·

50 920 113 993 Sed
132 919 175 991 ad
196 942 281 1007 eos,
318 917 344 990 s1
364 917 492 1013 placet,
525 913 584 1011 qui
609 911 680 986 vita
698 909 928 998 excelsuum,
954 935 1009 981 re-

50 1049 234 1105 vertamur.

52 1127 55 1133 *
97 1140 142 1214 C.
158 1136 297 1213 Sicinius
319 1137 436 1236 igitur,
464 1139 509 1231 Q.
528 1133 679 1231 Pompeii
692 1132 790 1221 illius,
816 1133 874 1231 qui
892 1133 1009 1206 censor
1023 1131 1069 1223 76

50 1247 135 1337 fuit,
162 1267 212 1322 ex·
222 1247 288 1320 filia
306 1271 430 1344 nepos,
457 1245 659 1344 quaestorius
676 1265 826 1336 mortuus
844 1243 908 1334 est,
931 1267 1010 1340 pro·
1023 1252 1069 1314 2⁶3

49 1357 168 1433 babilis
194 1374 329 1443 orator3
353 1357 418 1428 iam
451 1380 537 1429 vero
556 1355 654 1427 etiam
675 1353 852 1450 probatus,
887 1378 929 1425 ex
948 1355 1009 1433 hac

49 1464 147 1562 inopi
163 1465 205 1537 ad
227 1463 429 1551 ornandum,
455 1456 512 1538 sed
534 1465 576 1537 ad
599 1463 835 1537 inveniendum
859 1465 1010 1559 expedita

50 1581 280 1678 Hermagorae
314 1578 492 1676 disciplina.
528 1602 566 1649 ea
592 1579 648 1650 dat
681 1575 824 1648 rationes
851 1596 953 1647 certas
978 1591 1011 1655 et

50 1703 229 1786 praecepta
254 1687 399 1759 dicendi:
427 1687 557 1785 quaesi
579 1688 747 1758 minorem
767 1686 888 1756 habent
906 1710 1010 1781 appa·

49 1811 185 1884 ratum,
213 1791 311 1891 (sunt
333 1794 421 1866 enim
440 1793 551 1892 exilia)
571 1813 681 1867 tamen
703 1788 824 1865 haberit
842 1790 1011 1881 ordinem,

25 1937 29 1941 ·
50 1924 85 1976 et
100 1905 269 2002 (quasdam
290 1930 402 1978 errare
422 1906 459 1977 in
480 1907 624 1979 dicendo
648 1931 718 1978 non
743 1909 903 2010 patientes
928 1905 1009 1978 vias.

48 1981 121 2085 flas
143 2014 196 2086 ille
216 2033 351 2100 tenens,
378 2032 411 2086 et
425 1993 555 2112 paratus
576 2015 618 2088 ad
634 2013 744 2087 causas
756 2014 907 2099 veniens,
931 2038 1009 2086 ver·
1128 2025 1131 2031 '

50 2124 173 2196 borum
190 2150 270 2197 non
283 2151 396 2224 egens,
422 2126 490 2225 ipsa
517 2128 572 2200 illa
596 2128 844 2224 comparatione
866 2124 1010 2221 discipli·

51 2257 162 2330 naque
186 2234 316 2308 dicendi
342 2237 407 2308 iam
428 2237 463 2309 in
490 2257 710 2335 patronorum
733 2261 906 2307 numerum
930 2261 1009 2330 per·

51 2329 199 2429 venerat.
246 2344 325 2418 Erat
342 2349 440 2420 etiam
461 2348 517 2420 vir
530 2349 646 2422 dolius
659 2350 693 2420 in
715 2347 829 2445 primis
851 2349 892 2420 C.
906 2345 1010 2419 Visel·
1025 2358 1073 2422 264

51 2456 115 2529 lius
140 2461 272 2549 Varro,
310 2460 527 2537 consobrinus
550 2487 665 2553 meus,
697 2465 755 2561 qui
774 2459 838 2534 fuit
856 2486 931 2533 cum
960 2461 1011 2531 Si-

51 2568 146 2642 cinio
167 2586 270 2642 aetate
291 2572 493 2645 c'oniundus.
516 2571 635 2644 iseum
655 2574 729 2676 post
752 2575 897 2647 curulem
922 2573 1011 2646 aedi-

51 2671 179 2746 litatem
205 2677 308 2749 iudex
337 2677 536 2775 quaestionis
563 2678 660 2766 esset,
695 2678 741 2750 est
768 2705 940 2754 mortuus:
975 2681 1011 2756 in
1040 2702 1042 2707 '

52 2805 127 2877 quo
149 2781 256 2856 fateor
276 2786 370 2884 vulgi
388 2787 546 2859 iudicium
568 2813 587 2859 a
608 2787 733 2860 iudicio
756 2815 835 2863 meo
855 2792 1011 2865 dillensrs·

52 2897 97 2970 se.
120 2921 199 2968 nam
220 2898 347 2994 populo
366 2923 436 2970 non
458 2919 527 2973 erat
544 2899 618 2978 satis
636 2899 827 2996 vendibilis:
852 2928 1011 3000 praeceps

52 3007 237 3103 quaedam,
263 3026 297 3080 et
318 3033 393 3079 cum
412 3010 538 3083 idcirco
557 3010 712 3101 obscura,
743 3014 821 3110 quia
837 3007 1010 3108 peracuta,
1046 3016 1049 3023 '

52 3131 128 3186 tum
147 3116 279 3213 rapida,
307 3135 340 3190 et
362 3117 526 3190 celeritate
544 3143 672 3192 caecata
691 3120 819 3190 oratio:
834 3120 889 3190 sed
902 3118 1010 3216 neque
1116 3124 1119 3201 J

52 3226 169 3299 verbis
186 3228 352 3323 aptiorem
372 3229 440 3300 cito
455 3230 553 3302 alium
572 3220 734 3323 allaim,
759 3256 864 3328 neque
881 3232 1010 3306 senten·
1052 3253 1055 3260 “

50 3343 109 3425 tiis
127 3343 341 3419 crebriorem.
389 3349 559 3425 Praeterea
574 3347 737 3443 persedus
754 3348 789 3420 in
809 3349 929 3438 literis,
956 3351 1009 3424 iu·

49 3456 164 3554 risque
182 3459 288 3534 civilis
306 3459 371 3531 iam
390 3484 409 3530 a
428 3478 523 3556 patre
544 3459 713 3544 Aculeone
735 3463 887 3543 traditam
904 3462 1009 3564 tenuit
1021 3453 1038 3485 '¹

27 3564 30 3577 '
50 3565 269 3662 disciplinam.
293 3568 425 3667 Reliqui
440 3568 530 3661 sunt,
554 3569 611 3667 qui
629 3572 753 3644 mortui
765 3573 843 3664 snit,
864 3577 901 3646 1„
916 3575 950 3645 T
951 3599 1009 3646 or·
1025 3587 1067 3652 265

49 3696 190 3778 pratus,
224 3706 328 3780 quem
344 3701 381 3755 tu
399 3707 468 3755 non
487 3700 554 3754 tam
577 3684 648 3756 cito
671 3670 840 3776 rhetorem
862 3685 991 3795 dixisses
1073 3782 1077 3787 ὓ

18 3874 23 3879 ,
51 3783 517 3899 (connumeratorum)
537 3818 656 3899 quam,
683 3814 720 3869 ut
736 3786 864 3904 &ms
876 3742 1092 4040 &or

100 3993 103 4000 Ι
173 4020 177 4031 ¹
246 4028 249 4035 i
1090 4011 1092 4040 l
