<?xml version="1.0" encoding="UTF-8"?>
<!DOCTYPE html PUBLIC "-//W3C//DTD XHTML 1.0 Transitional//EN"
    "http://www.w3.org/TR/xhtml1/DTD/xhtml1-transitional.dtd">
<html xmlns="http://www.w3.org/1999/xhtml" xml:lang="en" lang="en">
 <head>
  <title>
</title>
<meta http-equiv="Content-Type" content="text/html;charset=utf-8" />
  <meta name='ocr-system' content='tesseract 3.04.00' />
  <meta name='ocr-capabilities' content='ocr_page ocr_carea ocr_par ocr_line ocrx_word'/>
</head>
<body>
  <div class='ocr_page' id='page_1' title='image "./mtulliiciceroni00plutgoog_0177.png"; bbox 0 0 2302 4304; ppageno 0'>
   <div class='ocr_carea' id='block_1_1' title="bbox 135 234 868 377">
    <p class='ocr_par' dir='ltr' id='par_1_1' title="bbox 135 234 868 377">
     <span class='ocr_line' id='line_1_1' title="bbox 135 234 868 377; baseline 0 -23"><span class='ocrx_word' id='word_1_1' title='bbox 135 234 268 377; x_wconf 52' lang='lat'>„2&#39;</span> <span class='ocrx_word' id='word_1_2' title='bbox 360 252 868 354; x_wconf 70' lang='lat' dir='ltr'>nnonnioun</span> 
     </span>
    </p>
   </div>
   <div class='ocr_carea' id='block_1_2' title="bbox 15 439 1129 2525">
    <p class='ocr_par' dir='ltr' id='par_1_2' title="bbox 18 439 1129 1205">
     <span class='ocr_line' id='line_1_2' title="bbox 127 439 1084 534; baseline 0 -18"><span class='ocrx_word' id='word_1_3' title='bbox 127 441 210 516; x_wconf 87' lang='lat' dir='ltr'>male</span> <span class='ocrx_word' id='word_1_4' title='bbox 231 439 398 531; x_wconf 77' lang='lat' dir='ltr'>olentem,</span> <span class='ocrx_word' id='word_1_5' title='bbox 431 446 530 515; x_wconf 78' lang='lat' dir='ltr'>Video</span> <span class='ocrx_word' id='word_1_6' title='bbox 548 471 595 516; x_wconf 79' lang='lat' dir='ltr'>me</span> <span class='ocrx_word' id='word_1_7' title='bbox 607 471 629 514; x_wconf 86' lang='lat' dir='ltr'>a</span> <span class='ocrx_word' id='word_1_8' title='bbox 646 467 674 514; x_wconf 85' lang='grc' dir='ltr'>ιι</span> <span class='ocrx_word' id='word_1_9' title='bbox 696 446 907 518; x_wconf 81' lang='lat' dir='ltr'>circumveniri</span> <span class='ocrx_word' id='word_1_10' title='bbox 920 497 932 534; x_wconf 96' lang='lat'>,</span> <span class='ocrx_word' id='word_1_11' title='bbox 945 442 1084 517; x_wconf 66' lang='lat' dir='ltr'>subiicit-⁷</span> 
     </span>
     <span class='ocr_line' id='line_1_3' title="bbox 127 544 1129 653; baseline 0.003 -29"><span class='ocrx_word' id='word_1_12' title='bbox 127 553 200 624; x_wconf 86' lang='lat' dir='ltr'>cule</span> <span class='ocrx_word' id='word_1_13' title='bbox 220 544 404 650; x_wconf 71' lang='lat' dir='ltr'>Philippus.v</span> <span class='ocrx_word' id='word_1_14' title='bbox 447 556 491 625; x_wconf 82' lang='lat' dir='ltr'>At</span> <span class='ocrx_word' id='word_1_15' title='bbox 505 571 682 652; x_wconf 85' lang='lat' dir='ltr'>utrumque</span> <span class='ocrx_word' id='word_1_16' title='bbox 705 578 806 653; x_wconf 84' lang='lat' dir='ltr'>genus</span> <span class='ocrx_word' id='word_1_17' title='bbox 825 554 977 628; x_wconf 86' lang='lat' dir='ltr'>continet</span> <span class='ocrx_word' id='word_1_18' title='bbox 989 554 1080 627; x_wconf 87' lang='lat' dir='ltr'>verbi</span> <span class='ocrx_word' id='word_1_19' title='bbox 1111 604 1129 619; x_wconf 36' lang='grc' dir='ltr'><em>κ</em></span> 
     </span>
     <span class='ocr_line' id='line_1_4' title="bbox 63 661 1129 761; baseline -0.007 -21"><span class='ocrx_word' id='word_1_20' title='bbox 63 688 111 740; x_wconf 79' lang='lat'>⁸50</span> <span class='ocrx_word' id='word_1_21' title='bbox 127 661 169 733; x_wconf 88' lang='lat' dir='ltr'>ad</span> <span class='ocrx_word' id='word_1_22' title='bbox 187 662 314 736; x_wconf 88' lang='lat' dir='ltr'>literam</span> <span class='ocrx_word' id='word_1_23' title='bbox 338 663 500 736; x_wconf 89' lang='lat' dir='ltr'>immutati</span> <span class='ocrx_word' id='word_1_24' title='bbox 511 663 697 737; x_wconf 82' lang='lat' dir='ltr'>similitudo.</span> <span class='ocrx_word' id='word_1_25' title='bbox 752 667 803 736; x_wconf 86' lang='lat' dir='ltr'>Ex</span> <span class='ocrx_word' id='word_1_26' title='bbox 813 665 973 761; x_wconf 84' lang='lat' dir='ltr'>ambiguo</span> <span class='ocrx_word' id='word_1_27' title='bbox 987 663 1081 750; x_wconf 77' lang='lat' dir='ltr'>dida,</span> <span class='ocrx_word' id='word_1_28' title='bbox 1121 691 1129 757; x_wconf 62' lang='grc' dir='ltr'><strong><em>ζ</em></strong></span> 
     </span>
     <span class='ocr_line' id='line_1_5' title="bbox 90 767 1129 871; baseline -0.01 -25"><span class='ocrx_word' id='word_1_29' title='bbox 90 854 94 861; x_wconf 13' lang='grc' dir='ltr'><strong>ἢ</strong></span> <span class='ocrx_word' id='word_1_30' title='bbox 127 772 183 846; x_wconf 87' lang='lat' dir='ltr'>vel</span> <span class='ocrx_word' id='word_1_31' title='bbox 200 771 394 871; x_wconf 79' lang='lat' dir='ltr'>argutissima</span> <span class='ocrx_word' id='word_1_32' title='bbox 410 789 587 868; x_wconf 83' lang='lat' dir='ltr'>putantur,</span> <span class='ocrx_word' id='word_1_33' title='bbox 617 772 673 845; x_wconf 91' lang='lat' dir='ltr'>sed</span> <span class='ocrx_word' id='word_1_34' title='bbox 697 796 766 844; x_wconf 90' lang='lat' dir='ltr'>non</span> <span class='ocrx_word' id='word_1_35' title='bbox 785 771 912 867; x_wconf 83' lang='lat' dir='ltr'>semper</span> <span class='ocrx_word' id='word_1_36' title='bbox 929 770 965 840; x_wconf 92' lang='lat' dir='ltr'>in</span> <span class='ocrx_word' id='word_1_37' title='bbox 993 767 1081 863; x_wconf 84' lang='lat' dir='ltr'>ioco,</span> <span class='ocrx_word' id='word_1_38' title='bbox 1126 783 1129 831; x_wconf 76' lang='grc' dir='ltr'>ε</span> 
     </span>
     <span class='ocr_line' id='line_1_6' title="bbox 18 875 1129 984; baseline -0.01 -27"><span class='ocrx_word' id='word_1_39' title='bbox 18 896 24 984; x_wconf 46' lang='lat' dir='ltr'>j</span> <span class='ocrx_word' id='word_1_40' title='bbox 127 879 221 979; x_wconf 86' lang='lat' dir='ltr'>saepe</span> <span class='ocrx_word' id='word_1_41' title='bbox 234 883 332 954; x_wconf 88' lang='lat' dir='ltr'>etiam</span> <span class='ocrx_word' id='word_1_42' title='bbox 340 882 375 954; x_wconf 92' lang='lat' dir='ltr'>in</span> <span class='ocrx_word' id='word_1_43' title='bbox 386 882 543 978; x_wconf 84' lang='lat' dir='ltr'>gravitate</span> <span class='ocrx_word' id='word_1_44' title='bbox 556 881 741 955; x_wconf 46' lang='lat' dir='ltr'>versantur,</span> <span class='ocrx_word' id='word_1_45' title='bbox 783 875 1000 953; x_wconf 83' lang='lat' dir='ltr'>Asricanoilli</span> <span class='ocrx_word' id='word_1_46' title='bbox 1010 901 1081 948; x_wconf 90' lang='lat' dir='ltr'>ma·</span> <span class='ocrx_word' id='word_1_47' title='bbox 1127 876 1129 881; x_wconf 73' lang='grc'>’</span> 
     </span>
     <span class='ocr_line' id='line_1_7' title="bbox 86 993 1110 1090; baseline -0.009 -22"><span class='ocrx_word' id='word_1_48' title='bbox 86 1084 89 1090; x_wconf 29' lang='grc'><em>,</em></span> <span class='ocrx_word' id='word_1_49' title='bbox 127 994 219 1084; x_wconf 91' lang='lat' dir='ltr'>iori,</span> <span class='ocrx_word' id='word_1_50' title='bbox 239 1019 401 1067; x_wconf 88' lang='lat' dir='ltr'>coronam</span> <span class='ocrx_word' id='word_1_51' title='bbox 418 994 477 1067; x_wconf 84' lang='lat' dir='ltr'>sibi</span> <span class='ocrx_word' id='word_1_52' title='bbox 487 995 521 1066; x_wconf 92' lang='lat' dir='ltr'>in</span> <span class='ocrx_word' id='word_1_53' title='bbox 536 994 699 1067; x_wconf 81' lang='lat' dir='ltr'>convivio</span> <span class='ocrx_word' id='word_1_54' title='bbox 715 993 757 1066; x_wconf 88' lang='lat' dir='ltr'>ad</span> <span class='ocrx_word' id='word_1_55' title='bbox 766 1008 865 1089; x_wconf 87' lang='lat' dir='ltr'>caput</span> <span class='ocrx_word' id='word_1_56' title='bbox 888 1011 1082 1063; x_wconf 89' lang='lat' dir='ltr'>accommo·</span> <span class='ocrx_word' id='word_1_57' title='bbox 1106 995 1110 1007; x_wconf 81' lang='grc'><em>’</em></span> 
     </span>
     <span class='ocr_line' id='line_1_8' title="bbox 127 1099 1084 1205; baseline -0.009 -26"><span class='ocrx_word' id='word_1_58' title='bbox 127 1105 234 1192; x_wconf 88' lang='lat' dir='ltr'>danti,</span> <span class='ocrx_word' id='word_1_59' title='bbox 261 1131 338 1180; x_wconf 88' lang='lat' dir='ltr'>cum</span> <span class='ocrx_word' id='word_1_60' title='bbox 356 1130 395 1179; x_wconf 87' lang='lat' dir='ltr'>ea</span> <span class='ocrx_word' id='word_1_61' title='bbox 406 1106 536 1205; x_wconf 51' lang='lat' dir='ltr'>*saepius</span> <span class='ocrx_word' id='word_1_62' title='bbox 552 1102 786 1203; x_wconf 76' lang='lat' dir='ltr'>nonperetur‘,</span> <span class='ocrx_word' id='word_1_63' title='bbox 809 1104 844 1176; x_wconf 91' lang='lat' dir='ltr'>P.</span> <span class='ocrx_word' id='word_1_64' title='bbox 857 1099 1003 1175; x_wconf 87' lang='lat' dir='ltr'>Licinius</span> <span class='ocrx_word' id='word_1_65' title='bbox 1015 1105 1084 1172; x_wconf 52' lang='lat' dir='ltr'>Va*</span> 
     </span>
    </p>

    <p class='ocr_par' dir='ltr' id='par_1_3' title="bbox 48 1213 1086 1535">
     <span class='ocr_line' id='line_1_9' title="bbox 48 1213 1085 1312; baseline -0.007 -26"><span class='ocrx_word' id='word_1_66' title='bbox 48 1262 51 1269; x_wconf 40' lang='grc' dir='ltr'><em>ι</em></span> <span class='ocrx_word' id='word_1_67' title='bbox 128 1237 201 1302; x_wconf 78' lang='lat' dir='ltr'>rua,</span> <span class='ocrx_word' id='word_1_68' title='bbox 226 1216 306 1285; x_wconf 78' lang='lat' dir='ltr'>Noli</span> <span class='ocrx_word' id='word_1_69' title='bbox 323 1219 450 1302; x_wconf 81' lang='lat' dir='ltr'>mirari,</span> <span class='ocrx_word' id='word_1_70' title='bbox 475 1213 600 1312; x_wconf 88' lang='lat' dir='ltr'>inquit,</span> <span class='ocrx_word' id='word_1_71' title='bbox 623 1213 662 1311; x_wconf 83' lang='lat' dir='ltr'><em>st</em></span> <span class='ocrx_word' id='word_1_72' title='bbox 673 1228 738 1284; x_wconf 78' lang='lat' dir='ltr'>non</span> <span class='ocrx_word' id='word_1_73' title='bbox 758 1215 910 1285; x_wconf 78' lang='lat' dir='ltr'>convenit.</span> <span class='ocrx_word' id='word_1_74' title='bbox 931 1232 1027 1304; x_wconf 83' lang='lat' dir='ltr'>caput</span> <span class='ocrx_word' id='word_1_75' title='bbox 1052 1237 1085 1280; x_wconf 87' lang='grc' dir='ltr'>ι·</span> 
     </span>
     <span class='ocr_line' id='line_1_10' title="bbox 129 1321 1085 1426; baseline -0.004 -30"><span class='ocrx_word' id='word_1_76' title='bbox 129 1329 197 1396; x_wconf 82' lang='lat' dir='ltr'>nim</span> <span class='ocrx_word' id='word_1_77' title='bbox 224 1350 373 1420; x_wconf 77' lang='lat' dir='ltr'>magnum</span> <span class='ocrx_word' id='word_1_78' title='bbox 400 1327 460 1426; x_wconf 88' lang='grc' dir='ltr'><em>ιβ.·</em></span> <span class='ocrx_word' id='word_1_79' title='bbox 495 1325 674 1413; x_wconf 84' lang='lat' dir='ltr'>laudabile,</span> <span class='ocrx_word' id='word_1_80' title='bbox 710 1347 744 1397; x_wconf 86' lang='lat' dir='ltr'>et</span> <span class='ocrx_word' id='word_1_81' title='bbox 767 1321 950 1395; x_wconf 86' lang='lat' dir='ltr'>honestum.</span> <span class='ocrx_word' id='word_1_82' title='bbox 984 1323 1032 1393; x_wconf 85' lang='lat' dir='ltr'>At</span> <span class='ocrx_word' id='word_1_83' title='bbox 1046 1345 1085 1393; x_wconf 83' lang='lat' dir='ltr'>ex</span> 
     </span>
     <span class='ocr_line' id='line_1_11' title="bbox 129 1433 1086 1535; baseline -0.004 -30"><span class='ocrx_word' id='word_1_84' title='bbox 129 1433 250 1505; x_wconf 86' lang='lat' dir='ltr'>eode&#39;m</span> <span class='ocrx_word' id='word_1_85' title='bbox 264 1458 382 1530; x_wconf 86' lang='lat' dir='ltr'>genere</span> <span class='ocrx_word' id='word_1_86' title='bbox 393 1433 455 1506; x_wconf 84' lang='lat' dir='ltr'>est:</span> <span class='ocrx_word' id='word_1_87' title='bbox 483 1436 600 1505; x_wconf 82' lang='lat' dir='ltr'>Calvus</span> <span class='ocrx_word' id='word_1_88' title='bbox 604 1434 764 1535; x_wconf 73' lang='grc' dir='ltr'><em>βιιιιιβ</em></span> <span class='ocrx_word' id='word_1_89' title='bbox 779 1436 863 1527; x_wconf 81' lang='lat' dir='ltr'>quod</span> <span class='ocrx_word' id='word_1_90' title='bbox 873 1434 954 1503; x_wconf 77' lang='lat' dir='ltr'>dicit</span> <span class='ocrx_word' id='word_1_91' title='bbox 960 1448 1086 1523; x_wconf 75' lang='lat' dir='ltr'>parum</span> 
     </span>
    </p>

    <p class='ocr_par' dir='ltr' id='par_1_4' title="bbox 84 1533 1087 1641">
     <span class='ocr_line' id='line_1_12' title="bbox 84 1533 1087 1641; baseline -0.004 -29"><span class='ocrx_word' id='word_1_92' title='bbox 84 1542 88 1550; x_wconf 81' lang='grc'><strong>“</strong></span> <span class='ocrx_word' id='word_1_93' title='bbox 128 1533 182 1612; x_wconf 78' lang='lat' dir='ltr'>Ne¹</span> <span class='ocrx_word' id='word_1_94' title='bbox 203 1541 326 1614; x_wconf 90' lang='lat' dir='ltr'>multa:</span> <span class='ocrx_word' id='word_1_95' title='bbox 350 1543 478 1615; x_wconf 83' lang='lat' dir='ltr'>nullum</span> <span class='ocrx_word' id='word_1_96' title='bbox 492 1566 593 1641; x_wconf 88' lang='lat' dir='ltr'>genus</span> <span class='ocrx_word' id='word_1_97' title='bbox 605 1540 670 1614; x_wconf 89' lang='lat' dir='ltr'>est</span> <span class='ocrx_word' id='word_1_98' title='bbox 662 1564 755 1630; x_wconf 84' lang='lat' dir='ltr'>roci,</span> <span class='ocrx_word' id='word_1_99' title='bbox 783 1563 854 1637; x_wconf 90' lang='lat' dir='ltr'>quo</span> <span class='ocrx_word' id='word_1_100' title='bbox 874 1563 956 1610; x_wconf 91' lang='lat' dir='ltr'>non.</span> <span class='ocrx_word' id='word_1_101' title='bbox 967 1563 1010 1610; x_wconf 86' lang='lat' dir='ltr'>ex</span> <span class='ocrx_word' id='word_1_102' title='bbox 1026 1561 1087 1609; x_wconf 89' lang='lat' dir='ltr'>eo·</span> 
     </span>
    </p>

    <p class='ocr_par' dir='ltr' id='par_1_5' title="bbox 65 1647 1089 1968">
     <span class='ocr_line' id='line_1_13' title="bbox 65 1647 1088 1748; baseline 0.001 -31"><span class='ocrx_word' id='word_1_103' title='bbox 65 1665 110 1717; x_wconf 79' lang='lat'>251</span> <span class='ocrx_word' id='word_1_104' title='bbox 129 1649 206 1721; x_wconf 91' lang='lat' dir='ltr'>dem</span> <span class='ocrx_word' id='word_1_105' title='bbox 229 1649 341 1723; x_wconf 89' lang='lat' dir='ltr'>severa</span> <span class='ocrx_word' id='word_1_106' title='bbox 357 1647 393 1723; x_wconf 84' lang='lat' dir='ltr'>et‘</span> <span class='ocrx_word' id='word_1_107' title='bbox 412 1650 523 1748; x_wconf 86' lang='lat' dir='ltr'>gravia</span> <span class='ocrx_word' id='word_1_108' title='bbox 545 1650 723 1722; x_wconf 88' lang='lat' dir='ltr'>sumantur</span> <span class='ocrx_word' id='word_1_109' title='bbox 770 1649 879 1744; x_wconf 84' lang='lat' dir='ltr'>Atque</span> <span class='ocrx_word' id='word_1_110' title='bbox 900 1647 969 1719; x_wconf 90' lang='lat' dir='ltr'>hoc</span> <span class='ocrx_word' id='word_1_111' title='bbox 989 1647 1088 1721; x_wconf 88' lang='lat' dir='ltr'>etiam</span> 
     </span>
     <span class='ocr_line' id='line_1_14' title="bbox 130 1756 1089 1852; baseline -0.006 -17"><span class='ocrx_word' id='word_1_112' title='bbox 130 1762 475 1850; x_wconf 63' lang='lat' dir='ltr'>animadvertendum</span> <span class='ocrx_word' id='word_1_113' title='bbox 498 1785 568 1833; x_wconf 92' lang='lat' dir='ltr'>non</span> <span class='ocrx_word' id='word_1_114' title='bbox 584 1759 649 1833; x_wconf 85' lang='lat' dir='ltr'>esse</span> <span class='ocrx_word' id='word_1_115' title='bbox 662 1759 776 1831; x_wconf 88' lang='lat' dir='ltr'>omnia</span> <span class='ocrx_word' id='word_1_116' title='bbox 793 1756 957 1852; x_wconf 78' lang='lat' dir='ltr'>ridicula,</span> <span class='ocrx_word' id='word_1_117' title='bbox 976 1756 1089 1830; x_wconf 72' lang='lat' dir='ltr'>faceta.</span> 
     </span>
     <span class='ocr_line' id='line_1_15' title="bbox 129 1867 1089 1968; baseline -0.007 -25"><span class='ocrx_word' id='word_1_118' title='bbox 129 1873 224 1966; x_wconf 87' lang='lat' dir='ltr'>Quid</span> <span class='ocrx_word' id='word_1_119' title='bbox 246 1874 335 1945; x_wconf 91' lang='lat' dir='ltr'>enim</span> <span class='ocrx_word' id='word_1_120' title='bbox 348 1872 456 1968; x_wconf 88' lang='lat' dir='ltr'>potest</span> <span class='ocrx_word' id='word_1_121' title='bbox 471 1871 612 1945; x_wconf 82' lang='lat' dir='ltr'>effetam</span> <span class='ocrx_word' id='word_1_122' title='bbox 628 1870 825 1958; x_wconf 89' lang='lat' dir='ltr'>ridiculum,</span> <span class='ocrx_word' id='word_1_123' title='bbox 849 1881 951 1965; x_wconf 83' lang='lat' dir='ltr'>quarn</span> <span class='ocrx_word' id='word_1_124' title='bbox 965 1867 1089 1939; x_wconf 85' lang='lat' dir='ltr'>Sannio</span> 
     </span>
    </p>

    <p class='ocr_par' dir='ltr' id='par_1_6' title="bbox 15 1971 1091 2300">
     <span class='ocr_line' id='line_1_16' title="bbox 15 1971 1089 2069; baseline -0.004 -17"><span class='ocrx_word' id='word_1_125' title='bbox 15 2009 17 2013; x_wconf 67' lang='grc'>’</span> <span class='ocrx_word' id='word_1_126' title='bbox 129 1980 204 2052; x_wconf 79' lang='lat' dir='ltr'>esti</span> <span class='ocrx_word' id='word_1_127' title='bbox 230 1979 293 2050; x_wconf 84' lang='lat' dir='ltr'>Sed</span> <span class='ocrx_word' id='word_1_128' title='bbox 318 2003 400 2069; x_wconf 88' lang='lat' dir='ltr'>ore,</span> <span class='ocrx_word' id='word_1_129' title='bbox 439 1981 556 2069; x_wconf 88' lang='lat' dir='ltr'>vultu,</span> <span class='ocrx_word' id='word_1_130' title='bbox 589 1979 755 2052; x_wconf 82' lang='lat' dir='ltr'>imitandis</span> <span class='ocrx_word' id='word_1_131' title='bbox 774 1971 948 2066; x_wconf 82' lang='lat' dir='ltr'>moribus,</span> <span class='ocrx_word' id='word_1_132' title='bbox 974 2001 1089 2065; x_wconf 83' lang='lat' dir='ltr'>voce,-</span> 
     </span>
     <span class='ocr_line' id='line_1_17' title="bbox 131 2085 1090 2188; baseline -0.006 -26"><span class='ocrx_word' id='word_1_133' title='bbox 131 2091 273 2188; x_wconf 81' lang='lat' dir='ltr'>denique</span> <span class='ocrx_word' id='word_1_134' title='bbox 285 2089 362 2185; x_wconf 86' lang='lat' dir='ltr'>ipso</span> <span class='ocrx_word' id='word_1_135' title='bbox 377 2115 520 2188; x_wconf 88' lang='lat' dir='ltr'>corpore</span> <span class='ocrx_word' id='word_1_136' title='bbox 533 2091 668 2162; x_wconf 88' lang='lat' dir='ltr'>ridetur.</span> <span class='ocrx_word' id='word_1_137' title='bbox 718 2089 842 2161; x_wconf 90' lang='lat' dir='ltr'>Salsum</span> <span class='ocrx_word' id='word_1_138' title='bbox 854 2088 944 2159; x_wconf 88' lang='lat' dir='ltr'>hunc</span> <span class='ocrx_word' id='word_1_139' title='bbox 957 2085 1090 2183; x_wconf 90' lang='lat' dir='ltr'>possum</span> 
     </span>
     <span class='ocr_line' id='line_1_18' title="bbox 132 2192 1091 2300; baseline -0.01 -24"><span class='ocrx_word' id='word_1_140' title='bbox 132 2203 257 2293; x_wconf 88' lang='lat' dir='ltr'>dicere,</span> <span class='ocrx_word' id='word_1_141' title='bbox 281 2220 378 2300; x_wconf 84' lang='lat' dir='ltr'>atque</span> <span class='ocrx_word' id='word_1_142' title='bbox 406 2203 466 2291; x_wconf 90' lang='lat' dir='ltr'>ita,</span> <span class='ocrx_word' id='word_1_143' title='bbox 482 2220 560 2274; x_wconf 84' lang='lat' dir='ltr'>¹non</span> <span class='ocrx_word' id='word_1_144' title='bbox 583 2219 620 2273; x_wconf 91' lang='lat' dir='ltr'>ut</span> <span class='ocrx_word' id='word_1_145' title='bbox 646 2201 806 2272; x_wconf 88' lang='lat' dir='ltr'>eiusmodi</span> <span class='ocrx_word' id='word_1_146' title='bbox 839 2222 1010 2270; x_wconf 87' lang='lat' dir='ltr'>oratorem</span> <span class='ocrx_word' id='word_1_147' title='bbox 1027 2192 1091 2267; x_wconf 82' lang='lat' dir='ltr'>else</span> 
     </span>
    </p>

    <p class='ocr_par' dir='ltr' id='par_1_7' title="bbox 67 2306 1114 2408">
     <span class='ocr_line' id='line_1_19' title="bbox 67 2306 1114 2408; baseline -0.008 -22"><span class='ocrx_word' id='word_1_148' title='bbox 67 2316 114 2386; x_wconf 91' lang='lat'>62</span> <span class='ocrx_word' id='word_1_149' title='bbox 128 2319 254 2406; x_wconf 84' lang='lat' dir='ltr'>velim,</span> <span class='ocrx_word' id='word_1_150' title='bbox 280 2316 336 2389; x_wconf 88' lang='lat' dir='ltr'>sed</span> <span class='ocrx_word' id='word_1_151' title='bbox 360 2332 397 2387; x_wconf 88' lang='lat' dir='ltr'>ut</span> <span class='ocrx_word' id='word_1_152' title='bbox 411 2316 559 2387; x_wconf 90' lang='lat' dir='ltr'>mimum.</span> <span class='ocrx_word' id='word_1_153' title='bbox 608 2316 721 2406; x_wconf 89' lang='lat' dir='ltr'>Quare</span> <span class='ocrx_word' id='word_1_154' title='bbox 734 2311 879 2408; x_wconf 91' lang='lat' dir='ltr'>primum</span> <span class='ocrx_word' id='word_1_155' title='bbox 893 2333 997 2407; x_wconf 84' lang='lat' dir='ltr'>genus</span> <span class='ocrx_word' id='word_1_156' title='bbox 1003 2306 1091 2395; x_wconf 88' lang='lat' dir='ltr'>hoc,</span> <span class='ocrx_word' id='word_1_157' title='bbox 1113 2364 1114 2368; x_wconf 63' lang='lat'>,</span> 
     </span>
    </p>

    <p class='ocr_par' dir='ltr' id='par_1_8' title="bbox 59 2418 1090 2525">
     <span class='ocr_line' id='line_1_20' title="bbox 59 2418 1090 2525; baseline -0.014 -23"><span class='ocrx_word' id='word_1_158' title='bbox 59 2476 62 2482; x_wconf 90' lang='lat'>·</span> <span class='ocrx_word' id='word_1_159' title='bbox 132 2429 224 2525; x_wconf 93' lang='lat' dir='ltr'>quod</span> <span class='ocrx_word' id='word_1_160' title='bbox 237 2428 334 2499; x_wconf 88' lang='lat' dir='ltr'>risum</span> <span class='ocrx_word' id='word_1_161' title='bbox 360 2426 415 2499; x_wconf 88' lang='lat' dir='ltr'>vel</span> <span class='ocrx_word' id='word_1_162' title='bbox 429 2428 573 2499; x_wconf 87' lang='lat' dir='ltr'>maxime</span> <span class='ocrx_word' id='word_1_163' title='bbox 587 2441 720 2510; x_wconf 86' lang='lat' dir='ltr'>movet,</span> <span class='ocrx_word' id='word_1_164' title='bbox 755 2448 826 2494; x_wconf 90' lang='lat' dir='ltr'>non</span> <span class='ocrx_word' id='word_1_165' title='bbox 853 2420 900 2493; x_wconf 88' lang='lat' dir='ltr'>est</span> <span class='ocrx_word' id='word_1_166' title='bbox 918 2418 1090 2491; x_wconf 90' lang='lat' dir='ltr'>nostrum·</span> 
     </span>
    </p>
   </div>
   <div class='ocr_carea' id='block_1_3' title="bbox 132 2524 1127 2740">
    <p class='ocr_par' dir='ltr' id='par_1_9' title="bbox 132 2524 1127 2736">
     <span class='ocr_line' id='line_1_21' title="bbox 132 2524 1091 2644; baseline -0.008 -38"><span class='ocrx_word' id='word_1_167' title='bbox 132 2537 302 2606; x_wconf 89' lang='lat' dir='ltr'>morosum</span> <span class='ocrx_word' id='word_1_168' title='bbox 311 2535 618 2634; x_wconf 59' lang='lat' dir='ltr'>,superstitiosum</span> <span class='ocrx_word' id='word_1_169' title='bbox 643 2532 874 2628; x_wconf 88' lang='lat' dir='ltr'>suspiciosum,</span> <span class='ocrx_word' id='word_1_170' title='bbox 896 2524 1091 2644; x_wconf 84' lang='lat' dir='ltr'>gloriosum,</span> 
     </span>
     <span class='ocr_line' id='line_1_22' title="bbox 133 2627 1127 2740; baseline -0.007 -31"><span class='ocrx_word' id='word_1_171' title='bbox 133 2639 280 2723; x_wconf 82' lang='lat' dir='ltr'>stulnnn3</span> <span class='ocrx_word' id='word_1_172' title='bbox 305 2661 438 2712; x_wconf 88' lang='lat' dir='ltr'>naturae</span> <span class='ocrx_word' id='word_1_173' title='bbox 455 2641 601 2713; x_wconf 88' lang='lat' dir='ltr'>ridentur</span> <span class='ocrx_word' id='word_1_174' title='bbox 618 2640 718 2736; x_wconf 90' lang='lat' dir='ltr'>ipsae.</span> <span class='ocrx_word' id='word_1_175' title='bbox 748 2663 828 2736; x_wconf 88' lang='lat' dir='ltr'>quas</span> <span class='ocrx_word' id='word_1_176' title='bbox 849 2636 1005 2740; x_wconf 85' lang='lat' dir='ltr'>personas</span> <span class='ocrx_word' id='word_1_177' title='bbox 1025 2631 1090 2730; x_wconf 57' lang='lat' dir='ltr'>agiss</span> <span class='ocrx_word' id='word_1_178' title='bbox 1125 2627 1127 2632; x_wconf 69' lang='grc'><strong>’</strong></span> 
     </span>
    </p>
   </div>
   <div class='ocr_carea' id='block_1_4' title="bbox 16 2733 1106 3872">
    <p class='ocr_par' dir='ltr' id='par_1_10' title="bbox 16 2733 1106 3844">
     <span class='ocr_line' id='line_1_23' title="bbox 68 2733 1089 2846; baseline 0.002 -28"><span class='ocrx_word' id='word_1_179' title='bbox 68 2770 203 2835; x_wconf 70' lang='lat'>252131&#39;0</span> <span class='ocrx_word' id='word_1_180' title='bbox 224 2747 387 2839; x_wconf 85' lang='lat' dir='ltr'>solemus,</span> <span class='ocrx_word' id='word_1_181' title='bbox 411 2775 481 2820; x_wconf 90' lang='lat' dir='ltr'>non</span> <span class='ocrx_word' id='word_1_182' title='bbox 500 2733 667 2822; x_wconf 89' lang='lat' dir='ltr'>sustinere:</span> <span class='ocrx_word' id='word_1_183' title='bbox 687 2750 823 2822; x_wconf 85' lang='lat' dir='ltr'>alterum</span> <span class='ocrx_word' id='word_1_184' title='bbox 841 2773 942 2846; x_wconf 83' lang='lat' dir='ltr'>genus</span> <span class='ocrx_word' id='word_1_185' title='bbox 954 2747 1022 2820; x_wconf 81' lang='lat' dir='ltr'>est</span> <span class='ocrx_word' id='word_1_186' title='bbox 1014 2742 1089 2820; x_wconf 80' lang='lat' dir='ltr'>mi·</span> 
     </span>
     <span class='ocr_line' id='line_1_24' title="bbox 16 2857 1089 2949; baseline 0.007 -22"><span class='ocrx_word' id='word_1_187' title='bbox 16 2943 17 2946; x_wconf 8' lang='grc' dir='ltr'><strong>Ἴ</strong></span> <span class='ocrx_word' id='word_1_188' title='bbox 134 2857 258 2928; x_wconf 90' lang='lat' dir='ltr'>tatione</span> <span class='ocrx_word' id='word_1_189' title='bbox 275 2858 457 2930; x_wconf 91' lang='lat' dir='ltr'>admodum</span> <span class='ocrx_word' id='word_1_190' title='bbox 479 2858 675 2949; x_wconf 89' lang='lat' dir='ltr'>ridiculum,</span> <span class='ocrx_word' id='word_1_191' title='bbox 706 2861 762 2934; x_wconf 93' lang='lat' dir='ltr'>sed</span> <span class='ocrx_word' id='word_1_192' title='bbox 785 2861 882 2934; x_wconf 89' lang='lat' dir='ltr'>nobis</span> <span class='ocrx_word' id='word_1_193' title='bbox 906 2876 1034 2933; x_wconf 87' lang='lat' dir='ltr'>tantum</span> <span class='ocrx_word' id='word_1_194' title='bbox 1050 2861 1089 2935; x_wconf 87' lang='lat' dir='ltr'>li·</span> 
     </span>
     <span class='ocr_line' id='line_1_25' title="bbox 60 2956 1090 3071; baseline 0.002 -31"><span class='ocrx_word' id='word_1_195' title='bbox 60 3060 65 3065; x_wconf 83' lang='lat'>.</span> <span class='ocrx_word' id='word_1_196' title='bbox 134 2985 187 3040; x_wconf 89' lang='lat' dir='ltr'>cet</span> <span class='ocrx_word' id='word_1_197' title='bbox 206 2966 345 3055; x_wconf 82' lang='lat' dir='ltr'>sutrim,</span> <span class='ocrx_word' id='word_1_198' title='bbox 373 2968 566 3065; x_wconf 77' lang='lat' dir='ltr'>siquando,</span> <span class='ocrx_word' id='word_1_199' title='bbox 588 2986 622 3041; x_wconf 90' lang='lat' dir='ltr'>et</span> <span class='ocrx_word' id='word_1_200' title='bbox 648 2971 789 3058; x_wconf 82' lang='lat' dir='ltr'>cursim3</span> <span class='ocrx_word' id='word_1_201' title='bbox 817 2971 909 3071; x_wconf 76' lang='lat' dir='ltr'>aliter</span> <span class='ocrx_word' id='word_1_202' title='bbox 926 2971 1016 3043; x_wconf 91' lang='lat' dir='ltr'>enim</span> <span class='ocrx_word' id='word_1_203' title='bbox 1027 2956 1090 3042; x_wconf 84' lang='lat' dir='ltr'>mi-</span> 
     </span>
     <span class='ocr_line' id='line_1_26' title="bbox 135 3072 1106 3179; baseline 0.004 -31"><span class='ocrx_word' id='word_1_204' title='bbox 135 3078 224 3150; x_wconf 87' lang='lat' dir='ltr'>nime</span> <span class='ocrx_word' id='word_1_205' title='bbox 248 3078 299 3152; x_wconf 86' lang='lat' dir='ltr'>est·</span> <span class='ocrx_word' id='word_1_206' title='bbox 314 3077 466 3155; x_wconf 87' lang='lat' dir='ltr'>liberale:</span> <span class='ocrx_word' id='word_1_207' title='bbox 497 3080 655 3168; x_wconf 90' lang='lat' dir='ltr'>tertium,</span> <span class='ocrx_word' id='word_1_208' title='bbox 679 3082 748 3154; x_wconf 90' lang='lat' dir='ltr'>oris</span> <span class='ocrx_word' id='word_1_209' title='bbox 781 3072 997 3179; x_wconf 76' lang='lat' dir='ltr'>depravatio,</span> <span class='ocrx_word' id='word_1_210' title='bbox 1023 3105 1106 3162; x_wconf 84' lang='lat' dir='ltr'>non¹</span> 
     </span>
     <span class='ocr_line' id='line_1_27' title="bbox 132 3187 1092 3287; baseline 0.006 -31"><span class='ocrx_word' id='word_1_211' title='bbox 132 3187 233 3281; x_wconf 79' lang='lat' dir='ltr'>digna</span> <span class='ocrx_word' id='word_1_212' title='bbox 246 3189 356 3263; x_wconf 84' lang='lat' dir='ltr'>nobis:</span> <span class='ocrx_word' id='word_1_213' title='bbox 384 3207 553 3287; x_wconf 89' lang='lat' dir='ltr'>quartum,</span> <span class='ocrx_word' id='word_1_214' title='bbox 586 3190 807 3280; x_wconf 87' lang='lat' dir='ltr'>obscoenitas,</span> <span class='ocrx_word' id='word_1_215' title='bbox 826 3215 896 3265; x_wconf 91' lang='lat' dir='ltr'>non</span> <span class='ocrx_word' id='word_1_216' title='bbox 909 3189 1017 3263; x_wconf 92' lang='lat' dir='ltr'>solum</span> <span class='ocrx_word' id='word_1_217' title='bbox 1025 3214 1092 3262; x_wconf 90' lang='lat' dir='ltr'>non</span> 
     </span>
     <span class='ocr_line' id='line_1_28' title="bbox 133 3293 1091 3395; baseline 0.005 -26"><span class='ocrx_word' id='word_1_218' title='bbox 133 3297 212 3369; x_wconf 84' lang='lat' dir='ltr'>soro</span> <span class='ocrx_word' id='word_1_219' title='bbox 236 3293 349 3395; x_wconf 81' lang='lat' dir='ltr'>digna,</span> <span class='ocrx_word' id='word_1_220' title='bbox 376 3300 502 3375; x_wconf 84' lang='lat' dir='ltr'>sedvix</span> <span class='ocrx_word' id='word_1_221' title='bbox 524 3302 689 3380; x_wconf 75' lang='lat' dir='ltr'>convivio</span> <span class='ocrx_word' id='word_1_222' title='bbox 706 3302 899 3392; x_wconf 83' lang='lat' dir='ltr'>liberorum.</span> <span class='ocrx_word' id='word_1_223' title='bbox 948 3301 1091 3375; x_wconf 83' lang='lat' dir='ltr'>Detrac-</span> 
     </span>
     <span class='ocr_line' id='line_1_29' title="bbox 134 3404 1092 3507; baseline 0.002 -24"><span class='ocrx_word' id='word_1_224' title='bbox 134 3411 175 3486; x_wconf 83' lang='lat' dir='ltr'>tis</span> <span class='ocrx_word' id='word_1_225' title='bbox 188 3410 297 3507; x_wconf 86' lang='lat' dir='ltr'>igitur.</span> <span class='ocrx_word' id='word_1_226' title='bbox 302 3433 354 3486; x_wconf 92' lang='lat' dir='ltr'>tot</span> <span class='ocrx_word' id='word_1_227' title='bbox 379 3404 476 3484; x_wconf 85' lang='lat' dir='ltr'>&#39;rebus</span> <span class='ocrx_word' id='word_1_228' title='bbox 489 3434 531 3484; x_wconf 83' lang='lat' dir='ltr'>ex</span> <span class='ocrx_word' id='word_1_229' title='bbox 556 3411 623 3485; x_wconf 89' lang='lat' dir='ltr'>hoc</span> <span class='ocrx_word' id='word_1_230' title='bbox 648 3412 799 3487; x_wconf 89' lang='lat' dir='ltr'>oratorio</span> <span class='ocrx_word' id='word_1_231' title='bbox 814 3412 926 3501; x_wconf 84' lang='lat' dir='ltr'>loco,</span> <span class='ocrx_word' id='word_1_232' title='bbox 957 3411 1092 3492; x_wconf 89' lang='lat' dir='ltr'>sacetiae</span> 
     </span>
     <span class='ocr_line' id='line_1_30' title="bbox 135 3520 1094 3650; baseline 0.001 -55"><span class='ocrx_word' id='word_1_233' title='bbox 135 3523 280 3620; x_wconf 89' lang='lat' dir='ltr'>reliquae</span> <span class='ocrx_word' id='word_1_234' title='bbox 306 3520 426 3612; x_wconf 86' lang='lat' dir='ltr'>sunt,</span> <span class='ocrx_word' id='word_1_235' title='bbox 423 3546 507 3632; x_wconf 79' lang='lat' dir='ltr'>quae</span> <span class='ocrx_word' id='word_1_236' title='bbox 523 3540 579 3602; x_wconf 89' lang='lat' dir='ltr'>aut</span> <span class='ocrx_word' id='word_1_237' title='bbox 600 3524 635 3593; x_wconf 87' lang='lat' dir='ltr'>in</span> <span class='ocrx_word' id='word_1_238' title='bbox 648 3548 705 3613; x_wconf 90' lang='lat' dir='ltr'>re,</span> <span class='ocrx_word' id='word_1_239' title='bbox 726 3547 763 3596; x_wconf 91' lang='lat' dir='ltr'>ut</span> <span class='ocrx_word' id='word_1_240' title='bbox 780 3546 854 3595; x_wconf 87' lang='lat' dir='ltr'>anre</span> <span class='ocrx_word' id='word_1_241' title='bbox 872 3523 983 3612; x_wconf 74' lang='lat' dir='ltr'>divisi,</span> <span class='ocrx_word' id='word_1_242' title='bbox 1006 3525 1094 3650; x_wconf 82' lang='lat' dir='ltr'>posi.-</span> 
     </span>
     <span class='ocr_line' id='line_1_31' title="bbox 135 3625 1093 3735; baseline 0.001 -28"><span class='ocrx_word' id='word_1_243' title='bbox 135 3655 187 3712; x_wconf 86' lang='lat' dir='ltr'>tae</span> <span class='ocrx_word' id='word_1_244' title='bbox 207 3634 363 3707; x_wconf 88' lang='lat' dir='ltr'>videntur</span> <span class='ocrx_word' id='word_1_245' title='bbox 380 3625 477 3735; x_wconf 75' lang='lat' dir='ltr'>esse,</span> <span class='ocrx_word' id='word_1_246' title='bbox 492 3651 547 3705; x_wconf 88' lang='lat' dir='ltr'>aut</span> <span class='ocrx_word' id='word_1_247' title='bbox 560 3634 595 3705; x_wconf 93' lang='lat' dir='ltr'>in</span> <span class='ocrx_word' id='word_1_248' title='bbox 613 3635 731 3707; x_wconf 89' lang='lat' dir='ltr'>verbo.</span> <span class='ocrx_word' id='word_1_249' title='bbox 780 3632 867 3707; x_wconf 89' lang='lat' dir='ltr'>Nam</span> <span class='ocrx_word' id='word_1_250' title='bbox 881 3633 995 3732; x_wconf 88' lang='lat' dir='ltr'>quod,</span> <span class='ocrx_word' id='word_1_251' title='bbox 1016 3637 1093 3732; x_wconf 93' lang='lat' dir='ltr'>qui</span> 
     </span>
     <span class='ocr_line' id='line_1_32' title="bbox 37 3723 1092 3872; baseline -0.005 -52"><span class='ocrx_word' id='word_1_252' title='bbox 37 3763 38 3767; x_wconf 75' lang='grc'>’</span> <span class='ocrx_word' id='word_1_253' title='bbox 88 3790 90 3795; x_wconf 92' lang='grc'><strong>-</strong></span> <span class='ocrx_word' id='word_1_254' title='bbox 134 3744 337 3872; x_wconf 76' lang='lat' dir='ltr'>buscunque</span> <span class='ocrx_word' id='word_1_255' title='bbox 343 3740 464 3838; x_wconf 65' lang='lat' dir='ltr'>uerbis</span> <span class='ocrx_word' id='word_1_256' title='bbox 474 3723 606 3836; x_wconf 80' lang='lat' dir='ltr'>dixerit</span> <span class='ocrx_word' id='word_1_257' title='bbox 618 3794 634 3834; x_wconf 59' lang='lat'>2</span> <span class='ocrx_word' id='word_1_258' title='bbox 659 3737 805 3820; x_wconf 83' lang='lat' dir='ltr'>facetum</span> <span class='ocrx_word' id='word_1_259' title='bbox 824 3757 935 3826; x_wconf 84' lang='lat' dir='ltr'>tamen</span> <span class='ocrx_word' id='word_1_260' title='bbox 956 3741 1027 3832; x_wconf 88' lang='lat' dir='ltr'>est,</span> <span class='ocrx_word' id='word_1_261' title='bbox 1057 3765 1092 3815; x_wconf 82' lang='lat' dir='ltr'>re</span> 
     </span>
    </p>
   </div>
   <div class='ocr_carea' id='block_1_5' title="bbox 0 0 1172 4304">
    <p class='ocr_par' dir='ltr' id='par_1_11' title="bbox 0 0 1172 4304">
     <span class='ocr_line' id='line_1_33' title="bbox 0 0 1172 4304; baseline 0 0"><span class='ocrx_word' id='word_1_262' title='bbox 0 0 1172 4304; x_wconf 95' lang='lat' dir='ltr'> </span> 
     </span>
    </p>
   </div>
  </div>
 </body>
</html>
