2304 4304
317 422 319 426 ¹
377 288 700 404 ulturus(
941 330 1009 421 401

42 514 124 570 ore
140 460 353 605 delmerat,
379 509 538 592 quantum
556 513 627 562 non
638 486 749 586 quivis
761 446 844 561 unus
856 513 1015 593 expopu-

42 610 101 701 lo,
125 607 186 681 sed
203 607 405 680 existimator
425 607 541 681 dolius
558 623 592 677 et
611 602 793 700 intelligens
812 601 1016 700 posset-cog·

42 721 206 818 noscere.
255 721 402 818 Longius
413 736 524 792 autem
535 715 965 823 procedenspetinceteris
983 740 1017 788 e-

42 831 248 930 loquentiae
270 831 441 928 partibus,
470 849 543 903 tum
567 827 710 903 maxime
736 826 771 898 in
792 824 958 899 celeritate
984 848 1018 900 et
1050 884 1063 890 -

42 938 311 1026 continuatione
332 937 514 1011 verbonun
527 934 781 1022 adhaerescens,
806 931 855 1005 sui
881 931 1018 1003 ¹dislimi·

43 1026 125 1121 lior
137 1045 315 1121 videbatur
327 1045 401 1119 sieri
412 1045 574 1144 quotidie.
598 1047 671 1118 Nos
684 1062 793 1116 autem
808 1068 877 1120 non
891 1036 1020 1115 desilie-
1033 1066 1078 1122 32¹

46 1159 196 1247 bamus,
220 1183 295 1231 cum
314 1157 408 1230 omni
424 1177 545 1254 genere
569 1156 840 1243 exercitationis,
862 1179 934 1228 tum
950 1178 1021 1227 ma·
1052 1239 1055 1244 q

49 1266 151 1340 xime
164 1263 250 1356 stilo,
263 1265 411 1339 nostrum
426 1266 525 1352 illud,
542 1266 732 1363 quoderat,
755 1276 897 1361 augere,
916 1281 1025 1360 quan-t

49 1394 264 1472 mmcunque
280 1394 358 1448 erat.
407 1378 517 1474 Atque
530 1390 568 1448 ut
579 1374 681 1448 multa
705 1374 858 1451 omittam
872 1427 883 1462 ,
896 1373 933 1444 in
955 1375 1023 1444 hoc

53 1483 168 1580 spatio
201 1501 235 1554 et
260 1482 296 1555 in
313 1483 353 1556 iis
378 1482 454 1581 post
476 1484 678 1558 aedilitatem
700 1479 814 1572 annis,
840 1501 874 1554 et
887 1500 1023 1579 praetor
1127 1478 1129 1483 ’

55 1593 212 1690 primus,
238 1610 272 1666 et
300 1588 484 1668 incredibili
499 1582 626 1692 ¹populi
660 1594 832 1669 ¹uoluntate
851 1594 922 1666 sum
949 1591 1023 1664 fac·

55 1720 124 1776 ms.
174 1703 262 1773 Nam
283 1727 360 1774 cum
373 1721 511 1800 propter
527 1702 741 1774 affiduitatem
762 1703 797 1773 in
810 1701 911 1780 causis
923 1717 957 1770 et
968 1699 1024 1769 in·

59 1811 246 1902 dulhiam,
289 1834 361 1885 tum
384 1832 522 1910 propter
547 1811 736 1910 exquisitius
757 1824 790 1885 et
802 1811 938 1883 minime
949 1808 1024 1883 vul·

59 1944 141 2020 gare
168 1919 329 1994 orationis
369 1947 501 2020 genus,
538 1925 667 1996 animos
698 1921 872 1996 hominum
904 1922 946 1994 ad
970 1945 1026 1992 me

61 2030 198 2104 dicendi
211 2023 618 2105 novitateconvert'eram.
667 2034 759 2106 Nihil
776 2035 818 2106 de
835 2035 1024 2107 medicam:
1040 2046 1088 2102 3²²

62 2139 175 2212 dicam
198 2139 238 2208 de
252 2141 386 2230 ceteris,
412 2164 565 2238 quorum·
582 2164 683 2214 nemo
705 2166 797 2235 erat,
828 2145 886 2242 qui
898 2145 1028 2218 videre1

63 2269 120 2335 tur
141 2248 353 2344 exquisitius,
380 2274 480 2351 quam
506 2253 624 2349 vulgus
644 2251 844 2342 hominum,
876 2251 1028 2324 studuisse

63 2359 186 2448 literis,
203 2359 322 2456 quibus
334 2358 410 2432 sons
421 2348 584 2458 persedae
603 2362 811 2458 eloquentiae
821 2360 1028 2463 ,mutineturt

65 2494 185 2560 nem0‚
201 2473 259 2568 qui
280 2471 526 2570 philosophiam
554 2474 859 2571 compleruselset,
891 2495 1029 2550 matrem

65 2580 221 2652 omnium
238 2581 321 2651 bene
343 2579 507 2676 saelorum
526 2584 674 2680 beneque
688 2583 873 2657 dislorum:
904 2610 1030 2677 nemo,

54 2692 128 2791 ¹qui
153 2691 204 2765 ius
218 2690 316 2764 civile
333 2693 520 2781 didicisset,
539 2716 612 2767 rem
637 2694 679 2765 ad
701 2691 846 2791 privatas
859 2689 983 2784 causas,
997 2718 1031 2768 et

67 2803 281 2876 adoratoris.
297 2803 506 2898 prudentum
524 2857 536 2894 ‚
558 2804 700 2876 maxime
714 2801 946 2879 necessariamt
971 2829 1032 2876 ne⁴

68 2932 160 3004 mo,
184 2915 244 3012 qui
265 2912 462 2987 memoriam
494 2938 606 2986 rerum
631 2910 855 2988 Romanarum
882 2929 1032 3000 teneret,
1119 2988 1121 2992 ,

68 3053 113 3116 ex
126 3050 215 3124 qua,
228 3026 254 3098 st
270 3029 405 3126 quando
423 3051 507 3124 opus
524 3027 625 3119 esset,
639 3024 680 3102 ab
699 3025 812 3102 inferis
825 3026 1033 3124 locupletisli-

70 3160 149 3210 mos
162 3135 262 3223 ,testes
288 3139 473 3210 excitaret:
495 3161 620 3228 nemo,
649 3141 708 3237 qui
734 3135 882 3211 breviter
907 3156 1035 3236 argute-
1070 3167 1072 3171 ’

69 3270 157 3348 que,
184 3247 310 3319 incluso
326 3244 538 3335 adversario,
567 3247 690 3317 laxaret
716 3239 862 3317 iudicum
883 3244 1038 3343 animos,

71 3379 174 3456 atque
187 3383 206 3429 a
219 3357 392 3431 severitate
406 3352 567 3453 paulisper
580 3411 590 3444 ,
603 3351 644 3426 ad
663 3352 860 3427 hilaritatem
872 3357 1036 3456 risumque

72 3464 261 3542 traduceret
275 3495 284 3539 ε
310 3490 432 3556 nemo,
456 3467 514 3563 qui
528 3465 661 3539 dilatare
676 3461 801 3561 pollet,
814 3483 912 3563 atque
925 3490 944 3536 a
955 3457 1036 3561 pro-

63 3581 148 3680 pria
181 3606 220 3652 ac
247 3578 381 3656 definita
404 3579 623 3676 disputatione
650 3574 794 3654 hominis
820 3601 859 3651 ac
876 3578 1038 3675 temporis

73 3690 119 3764 ad
142 3714 355 3762 communem
370 3684 594 3787 quaestionem
607 3686 749 3764 universi
771 3688 897 3788 generis
908 3689 1037 3780 oratio-

77 3824 157 3872 nem
169 3801 362 3879 traducere:
391 3821 515 3887 nemo,
538 3799 597 3899 qui
615 3797 797 3874 deleslandi
810 3799 912 3895 gratia
925 3799 1038 3899 digm-

134 3900 231 3968 Cicer.
257 3901 349 3992 Oper.
376 3902 448 3968 Vol.
468 3897 517 3968 II.
735 4006 739 4016 Ι
795 3896 828 3970 C
852 3922 875 3973 e
