2302 4304
350 287 660 365 Brutus
915 303 984 389 „7

45 459 114 548 ixi,
140 472 252 532 tamen
274 455 391 528 Crasso
415 454 496 526 nihil
514 452 620 525 statuo
645 451 718 525 fieri
741 450 881 549 potuisse
905 479 984 551 per-

45 569 148 644 eslius.
198 570 276 639 Erat
298 565 424 636 summa
448 563 611 660 gravitas,
641 585 711 635 erat
728 586 803 633 cum
825 564 984 659 gravitate

45 684 152 755 mstus
180 677 371 751 facetiarum
406 694 440 746 et
467 671 659 755 urbanitatis
685 672 877 773 oratoritrs,
914 701 985 748 non

45 791 190 878 :urrilis,
214 784 327 884 lepos:
364 783 462 857 latine
488 783 647 880 loquendi
672 800 842 872 accurata,
867 804 901 858 et
920 787 987 863 fine

45 897 175 973 solestia
190 896 326 994 diligens
351 892 531 990 elegantia:
556 892 592 963 in
616 891 802 967 disl'erendo
822 897 906 968 mita
927 922 989 970 ex-

44 1012 184 1085 licatio:
210 1034 285 1082 cum
302 1009 342 1078 de
352 1007 424 1078 iure
442 1005 553 1091 civili,
579 1029 655 1076 cum
670 1005 710 1076 de
725 1031 833 1104 aequo
845 1027 881 1082 et
893 1010 988 1091 bono
1039 1058 1043 1069 ·

44 1120 264 1217 isputaretur,
280 1133 549 1213 argumentorum
563 1130 596 1184 et
620 1112 868 1190 similitudinum
881 1118 990 1216 copia.
1093 1110 1096 1116 ’

44 1235 137 1321 lam,
163 1251 201 1303 ut
223 1229 410 1314 Antonius,
444 1228 632 1300 conieuura
649 1232 833 1324 movenda,
853 1256 919 1307 -aut
940 1235 990 1307 se·
1013 1247 1059 1321 39.

44 1344 135 1418 landa
158 1340 341 1439 suspicione
366 1363 422 1415 aut
444 1342 633 1430 excitanda,
668 1341 896 1420 incredibilem
917 1346 991 1424 vim
1012 1365 1059 1413 ¹44

44 1455 189 1527 labebat:
214 1451 258 1523 sic
284 1449 319 1522 in
343 1449 612 1548 interpretandO,
638 1453 673 1525 in
704 1449 924 1545 definiendo,
951 1461 990 1553 in

44 1560 222 1664 explicanda
243 1561 429 1657 aequitate,
459 1559 541 1633 nihil
566 1576 636 1634 erat
666 1563 782 1636 Crasso
801 1565 991 1663 copiofius3

44 1679 129 1773 dque
153 1697 231 1746 cum
252 1671 346 1766 saepe
367 1671 467 1760 alias,
493 1692 565 1744 tum
594 1673 682 1768 apud
710 1677 938 1752 centumviros
957 1683 992 1752 in

43 1785 88 1858 rl’.
106 1783 203 1856 Curii
224 1780 317 1854 causa
331 1779 504 1875 cognitum
526 1778 582 1852 est.
631 1781 678 1853 Ita
697 1782 785 1855 enim
804 1783 906 1860 multa
918 1806 993 1862 tum
1015 1808 1056 1858 ης

43 1912 152 1966 :ontra
170 1889 327 1986 scriptum
351 1912 414 1984 pro
438 1911 600 1984 aequofet
618 1890 714 1962 bono
734 1891 839 1984 dixit,
872 1915 909 1970 ut
926 1897 993 1970 ho-

43 2005 158 2077 ninem
176 1995 414 2088 acutissimum,
438 2001 483 2091 Q.
496 1999 707 2089 Scaevolam,
734 2022 767 2073 et
786 2001 821 2074 in
841 2003 933 2095 iure,
959 2007 996 2079 in

43 2139 102 2214 luo
120 2110 176 2184 illa
203 2106 298 2188 causa
323 2110 533 2197 vertebatur,
557 2104 813 2204 paratissunum,
838 2112 996 2187 obrueret
1025 2178 1028 2183 .

43 2237 306 2320 trgumentorum
335 2217 644 2315 exemplorumque
665 2220 789 2313 copia:
827 2244 924 2316 atque
951 2224 997 2295 ita

43 2355 103 2402 um
124 2328 167 2400 ab
190 2327 240 2400 bis
261 2325 409 2421 patronis
441 2323 649 2420 aequalibus,
687 2324 789 2396 etiam
816 2327 997 2400 consulari·

42 2464 119 2530 ius,
145 2436 237 2510 causa
255 2435 309 2507 illa
328 2436 412 2506 dista
427 2430 494 2519 est,
520 2458 597 2505 cum
615 2452 753 2531 uterque
771 2461 812 2507 ex
832 2441 999 2514 contraria
1084 2486 1087 2493 »

42 2569 129 2646 ¹>arte
147 2547 196 2620 ius
217 2543 316 2619 civile
328 2541 540 2631 defenderet,
564 2563 601 2614 ut
619 2542 846 2642 eloquentium
864 2545 1002 2646 iurispe-

42 2654 204 2728 titissunus
232 2651 388 2742 Crassus,
422 2648 685 2755 iurisperitorum
719 2653 998 2753 eloquentissimus
1101 2672 1103 2677 ’

42 2761 197 2838 Scaevola
216 2776 413 2859 putaretur:
456 2759 515 2856 qui
544 2756 680 2855 quidem
713 2787 789 2837 cum
827 2785 1002 2863 peracutus
1115 2760 1118 2765 ⁵

42 2877 119 2951 esset
139 2875 182 2948 ad
199 2872 474 2971 excogitandum,
499 2867 579 2969 quid
596 2869 632 2943 in
651 2871 737 2960 iure,
762 2875 870 2948 autin
891 2904 1002 2976 aequo
1109 2911 1112 2916 ·

42 3012 160 3063 verum
190 3003 247 3059 aut
267 2984 369 3073 esset,
392 3006 448 3057 aut
470 3008 552 3056 non·
567 2982 668 3079 esset,
693 3006 765 3059 tum
796 2990 910 3062 verbis
933 3007 1005 3062 erat

41 3099 182 3171 adrem
209 3117 287 3168 ctnn
320 3090 445 3163 summa
477 3088 640 3169 brevitate
678 3093 871 3165 mirabiliter
899 3094 1005 3193 aptus.

41 3211 158 3301 Quare
178 3203 217 3276 fit
244 3201 342 3274 nobis
369 3216 485 3272 orator
511 3200 546 3271 in
565 3202 633 3275 hoc
660 3203 919 3299 interpretandi,
944 3230 1073 3298 ex·14r

41 3315 286 3416 planandique,
310 3333 344 3384 et
365 3304 538 3385 disserendi
557 3334 677 3408 genere
703 3310 882 3402 mirabilis,
906 3313 951 3388 fic
968 3336 1007 3414 ut

41 3426 147 3500 simile
170 3422 253 3506 nihil
275 3422 439 3508 viderim3
463 3423 499 3494 in
513 3425 694 3520 augend0,
719 3424 754 3497 in
776 3424 1008 3519 o'rnando,in

42 3534 227 3611 refellendo
247 3531 353 3630 magis
369 3530 574 3605 existimator
590 3532 805 3621 metuendus,
830 3555 930 3629 quam
956 3529 1008 3600 ad·

42 3646 216 3721 mirandus
233 3664 358 3715 orator.
409 3645 535 3715 Verum
564 3643 607 3712 ad
617 3643 1007 3723 Crassumrevertamur.
1024 3664 1074 3736 40

43 3757 138 3831 Tum
159 3757 299 3844 Brutus,
322 3750 388 3824 Etsi
409 3749 505 3842 satis,
533 3749 662 3849 inquit,
689 3751 775 3836 mihi
788 3748 928 3823 videbar
949 3747 1006 3835 ha·
1026 3777 1076 3833 147.

97 3856 195 3926 Cicer.
222 3854 316 3948 Opcr.
342 3853 416 3924 Vol.
444 3851 495 3924 II..
601 3902 605 3911 -
688 3877 693 3886 ·
785 3845 817 3920 Y

1062 4032 1078 4066 .l
