2302 4304
128 258 274 395 ‚nc
359 289 1015 397 ΑυΕοκΑτοιὶεῃ

166 448 327 539 caudam,
355 473 472 542 aures,
486 458 492 537 f
505 453 549 525 ad
566 471 677 527 motus
695 457 883 530 animorum
905 460 1117 551 declarandos

99 591 146 650 223
167 560 268 633 dedit:
306 564 419 654 Quare
440 566 476 637 in
497 567 559 638 hac
583 565 693 639 nostra
706 570 835 641 anione
856 569 1037 647 secundum
1052 601 1115 649 vo·

164 697 238 746 cern
260 673 369 746 vultus
380 675 518 751 valetis
539 698 648 748 autem
660 679 764 752 oculis
775 680 984 778 gubernatur
1008 687 1116 784 ¹(tque

165 780 201 854 in
224 780 264 854 iis
280 782 455 874 omnibus,
481 783 649 882 quaesunt
665 783 824 870 aelionis,
857 784 938 856 inell
956 792 1113 914 quaedam

163 894 218 968 vis
242 919 262 966 a
287 915 402 968 nauita
427 895 510 968 data.
531 921 631 994 quate
654 895 753 969 etiam
771 895 862 970 hac
852 900 1025 994 1mperiu',
1054 892 1112 976 hac

89 1054 92 1060 .
163 1006 298 1104 vulgus,
312 1006 373 1080 hac
387 1006 527 1110 denique
539 1006 670 1078 barbari
683 1005 825 1078 maxime
846 1028 1111 1084 commoventur.

164 1111 276 1184 Verba
287 1135 376 1184 emm
390 1113 555 1185 neminem
568 1131 729 1202 movent,
756 1110 815 1183 nifi
835 1136 933 1202 eum,
958 1140 1020 1212 qur
1008 1116 1110 1189 eius·

163 1209 240 1291 dem
260 1218 388 1317 linguae
422 1219 576 1294 societate
603 1221 795 1294 conionum
818 1219 889 1306 est3
918 1222 1109 1300 sententiae·

162 1351 228 1423 que
238 1329 331 1422 saepe
340 1345 455 1400 acutae
464 1352 534 1399 non
546 1327 1014 1402 acutorumhonunumsensus
1021 1355 1109 1426 prae

59 1473 77 1501 ο
162 1437 326 1512 tervolant
352 1463 362 1508 ε
391 1437 497 1524 aelio,
515 1462 598 1535 quae
618 1461 696 1534 prae
715 1438 747 1508 se
767 1456 897 1510 motum
912 1437 1109 1528 animiscit,

161 1571 279 1622 omnen
302 1566 440 1622 movet:
463 1549 578 1622 iisdem
600 1551 688 1621 enim
713 1551 863 1624 omnium
883 1553 988 1626 animi
1012 1555 1108 1637 moti·

162 1660 224 1734 bus
248 1661 483 1751 concitantur,
506 1683 539 1734 et
550 1687 609 1735 eos
635 1659 750 1734 iisdem
763 1661 896 1734 notiset
922 1663 957 1734 in
970 1663 1040 1737 aliis
1058 1689 1108 1761 ag

95 1777 145 1848 6ο
162 1773 327 1873 noscunt,
344 1793 381 1844 et
397 1771 432 1844 in
445 1771 477 1844 se
490 1772 549 1870 ipsa
575 1772 729 1845 indicant
771 1773 825 1844 Ad
841 1772 981 1847 aetionis
1005 1796 1108 1848 autent

95 1914 144 1962 224
161 1880 255 1956 usum
271 1896 367 1977 atque
383 1879 543 1971 laudeni,
570 1879 748 1952 maximam
775 1877 840 1951 fine
864 1879 968 1954 dubio
986 1900 1119 1978 partem„

160 2013 232 2063 vox
256 1986 402 2061 obtinet:
415 2007 511 2084 quae
529 1988 675 2082 primum
692 1985 738 2059 est
755 1971 899 2082 optanda
911 1987 1036 2074 nobis3
1058 1989 1107 2061 de·

52 2120 59 2144 ’
159 2095 257 2187 inde,
270 2119 486 2196 quaecunque
511 2096 600 2187 erit,
636 2120 673 2168 ea
694 2096 823 2171 tuenda.
865 2098 923 2171 De
945 2124 1016 2198 quo
1035 2098 1107 2173 illud

158 2214 224 2286 iam
240 2209 321 2284 nihil
346 2211 388 2282 ad
413 2210 478 2284 hoc
503 2208 724 2306 praecipiendi
748 2233 868 2306 genus,
893 2212 1107 2307 quemadmo-

160 2325 240 2397 dum
251 2321 332 2399 voci
345 2320 504 2396 serviatur
517 2348 528 2408 3
542 2319 691 2419 equidem
698 2341 901 2417 ¹magnopere
914 2321 1032 2394 censeo
1046 2322 1106 2395 ler-

159 2437 337 2512 viendum:
356 2434 419 2507 sed'
430 2433 510 2507 illud
522 2434 654 2507 videtur
668 2433 709 2505 ab
721 2429 816 2503 huius
837 2430 940 2505 nostri
952 2432 1106 2505 sermonis

142 2622 147 2637 ,,
159 2549 274 2624 officio
288 2572 357 2620 non
369 2545 561 2635 abhorrere,
575 2544 665 2643 quod
675 2597 686 2630 ,
695 2559 731 2615 ut
744 2542 812 2616 dixi
824 2541 922 2639 paulo
931 2562 1027 2635 ante,
1039 2543 1106 2641 plu·

157 2654 250 2727 rimis
262 2653 297 2724 in
312 2651 408 2723 rebus
422 2651 514 2748 quod
528 2653 670 2740 maxime
686 2647 731 2720 est
743 2648 841 2737 utile,
854 2648 889 2720 id
902 2648 1031 2739 nescio,
1040 2674 1105 2747 quo

157 2767 254 2863 pallo
267 2761 365 2834 etiam
384 2762 479 2833 decet
494 2762 647 2835 maxime.
669 2763 755 2834 Nam
769 2762 810 2833 ad
821 2760 1104 2834 vocemobtinen·

132 2916 134 2923 ·
157 2874 234 2946 dam
240 2872 319 2944 nihil
328 2869 374 2944 est
387 2870 507 2969 utilius,
521 2896 619 2968 quam
633 2873 747 2943 crebra
761 2871 918 2943 mutatio:
942 2869 1029 2955 nillil¹
1034 2897 1103 2967 per·

155 2983 334 3072 niciostus‚
360 3005 458 3079 quam
482 2978 580 3052 effusa
607 2979 674 3053 sme
709 2979 949 3053 intermissione
970 3005 1103 3054 conten·

91 3121 135 3172 225
155 3095 216 3168 tio.
242 3090 354 3186 Quid?
368 3092 409 3162 ad
422 3114 514 3163 aures
524 3086 674 3181 nostras,
703 3108 736 3165 et
749 3091 885 3164 allionis
900 3091 1102 3180 suavitatem,

154 3205 236 3301 quid
253 3202 300 3275 est
314 3200 553 3291 vicillitudine,
576 3222 610 3275 et
622 3203 798 3292 varietate,
822 3220 855 3274 et
869 3200 1102 3273 commutatio·

154 3337 196 3384 ne
224 3312 358 3408 aptius?
393 3316 517 3410 ltaque
542 3311 630 3384 idem
657 3310 851 3398 Gracchus,
902 3307 1024 3408 (quod
1044 3333 1101 3407 po·

65 3448 68 3456 ·
153 3440 203 3495 tes
214 3421 351 3510 audire,
374 3422 514 3510 Catule,
535 3444 575 3490 ex
586 3419 748 3516 Erycino,
762 3421 877 3491 chente
890 3417 977 3508 tuo,'
995 3419 1099 3513 litera·

154 3549 191 3600 to
212 3527 372 3618 homine,
397 3553 496 3626 quem
517 3526 648 3604 servum
673 3526 732 3598 fibi
753 3525 805 3598 ille
829 3527 943 3601 habuit
968 3529 1010 3599 ad
1033 3553 1100 3599 ma·

149 3663 233 3721 num
244 3635 286 3736 ,)
327 3664 404 3710 cum
421 3637 598 3710 eburneola
627 3638 739 3712 solitus
763 3638 954 3713 esthabere
980 3640 1097 3727 fistula,

151 3745 210 3841 qui
232 3742 327 3819 staret
353 3745 481 3820 occulte
495 3744 570 3845 post
592 3745 722 3845 ipsum,
737 3771 814 3823 cunt
832 3747 1096 3834 concionaretur,
