2302 4304
166 272 233 345 128
392 273 481 346 DE
529 261 899 346 ORATORE

156 436 368 536 consequar,
386 462 449 513 vos
467 436 650 529 iudicabitis
664 435 699 536 z)
712 436 829 534 quibus
849 461 891 508 ex
910 434 993 511 locis
1005 431 1050 510 ad
1067 460 1123 516 eas

84 603 114 643 ·.
157 565 225 644 tres
255 573 325 637 res,
356 575 439 647 quae
465 557 505 626 ad
533 549 632 622 fidem
663 548 846 622 faciendam
873 547 961 622 solae
982 551 1121 639 valent,

156 661 295 736 ducatur
321 665 455 753 oratio,
480 681 515 735 ut
528 652 574 735 'et
601 661 819 735 concilientur
841 660 968 751 animi,
992 680 1027 734 et
1044 664 1119 754 Ado·

153 791 318 859 ceantur,
339 794 373 842 et
393 788 601 843 moveantur.
614 767 637 865 [
651 769 730 840 haec
748 767 821 839 sunt
847 767 936 838 enim
963 768 1028 840 tria
1052 795 1117 842 nu·

61 903 63 907 ’
83 926 88 933 ·
154 880 279 977 mero]
295 907 332 952 ea
349 906 434 954 vero
451 880 730 979 quemadmodum
750 877 962 968 illustrentur,
983 880 1118 976 praesto

154 989 227 1080 est,
257 993 315 1090 qui
342 1018 458 1066 omnes
485 995 606 1065 docere
627 992 744 1088 poffit,
772 990 829 1088 qui
848 991 914 1063 hoc
935 992 1063 1088 primus
1082 994 1118 1066 in

155 1101 286 1176 nostros
301 1131 409 1178 mores
422 1105 568 1191 induxit,
588 1104 645 1200 qui
661 1103 804 1174 maxime
823 1102 939 1191 auxit,
957 1103 1016 1200 qui
1031 1103 1116 1180 solus
1140 1127 1147 1147 ⁴

90 1244 135 1284 122
154 1214 271 1288 effecit.
298 1220 450 1314 Namque
478 1242 567 1315 ego,
589 1217 728 1304 Catule,
759 1208 900 1313 (dicam
926 1213 1016 1286 enim
1046 1238 1114 1288 non

122 1372 126 1376 ·
152 1355 310 1403 reverens
345 1330 523 1402 ass'entandi
547 1329 784 1425 suspicionem,
807 1320 823 1423 )
851 1324 1020 1421 neminem
1050 1327 1113 1399 esse

151 1461 319 1511 oratorem
338 1442 437 1538 paulo
460 1439 667 1512 illustriorem
690 1433 854 1527 arbitror,
875 1428 981 1534 neque
1003 1439 1112 1510 Grae·

84 1542 86 1547 ⁴
150 1568 251 1633 cum,
274 1573 380 1646 neque
403 1550 578 1640 Latinum,
601 1571 700 1648 quem
730 1568 815 1622 aetas
839 1547 949 1620 nostra
974 1546 1113 1640 tulerit,

148 1682 248 1754 quern
268 1687 338 1732 non
353 1679 385 1734 et
407 1661 522 1758 saepe,
541 1680 574 1734 et
590 1662 763 1759 diligenter
785 1654 953 1732 audierim.
975 1662 1113 1758 Itaque,

147 1766 172 1838 sr
204 1770 284 1867 quid
314 1772 360 1843 est
385 1772 419 1844 in
454 1798 525 1863 me,
557 1773 677 1872 (quod
712 1772 776 1843 iam
804 1771 932 1868 sperare
963 1768 1111 1863 videor,

69 1947 71 1952 .
146 1884 304 1979 quoniam
328 1883 460 1980 quidem
484 1909 573 1974 νος,
600 1883 650 1955 his
671 1881 810 1985 ingeniis
836 1881 1013 1970 homines,
1034 1894 1111 1956 tan·

26 1990 31 1997 ’
144 2015 216 2067 tum
238 2021 359 2093 operae
375 1995 457 2068 mihi
479 1999 519 2068 ad
548 1997 743 2069 audiendum
765 1996 869 2085 datm,
884 1991 901 2093 )
917 2014 960 2065 ex
981 2019 1026 2067 eo
1039 1988 1111 2088 est,

144 2107 237 2205 quod
246 2109 327 2180 nihil
340 2108 511 2207 quisquam
520 2129 665 2205 unquam
676 2133 729 2179 me
739 2105 889 2179 audiente
899 2105 967 2201 egit
979 2126 1108 2198 orator,

143 2217 237 2314 quod
250 2243 320 2290 non
338 2215 372 2289 in
385 2218 548 2299 memoria
568 2243 641 2290 mea
660 2217 789 2315 penitus
803 2217 964 2290 insederit.
994 2223 1108 2320 Atque

143 2352 209 2429 ego
236 2329 286 2422 is,
311 2329 368 2430 qui
393 2329 490 2428 sum,
509 2327 778 2428 quantuscunque
802 2329 873 2399 sum
894 2326 935 2398 ad
956 2321 1115 2415 iudicane.

71 2429 73 2436 ¹
141 2440 248 2533 dum,
273 2443 435 2517 omnibus·
451 2442 570 2545 auditiq
594 2441 806 2529 oratoribus,
831 2437 899 2510 stne
918 2435 983 2510 ulla
1005 2431 1104 2510 dubi·

32 2630 36 2641 ⁴
141 2551 266 2621 tatione
299 2550 342 2623 fic
371 2551 477 2624 statuo
513 2570 546 2624 et
578 2549 715 2639 iudice,
752 2546 918 2622 neminem
948 2546 1102 2618 omnium

39 2676 42 2681 ·
141 2677 218 2747 tot,
248 2681 281 2730 et
311 2676 423 2749 tanta,
456 2680 581 2756 quanta
596 2662 681 2754 ¹sunt
712 2659 747 2731 in
777 2656 926 2745 Crasso,
956 2651 1103 2732 habuisse

24 2846 27 2853 ,
74 2797 121 2867 ²²³
142 2780 336 2839 ornamenta
354 2767 495 2839 dicendi.
528 2768 869 2861 Quamobremfivos
881 2789 1016 2863 quoque
1034 2766 1103 2838 hoc

133 2875 229 2972 ,idem
249 2875 463 2968 existimatis,
483 2904 552 2951 non
580 2881 667 2969 erit,
689 2898 726 2952 ut
742 2880 881 2979 opinor,
894 2878 1006 2974 iniqua
1024 2903 1103 2974 par-

140 2988 241 3079 titio,
267 2987 291 3060 sr
305 3044 317 3080 ,
345 3015 425 3061 cum
451 3015 516 3088 ego
538 2990 625 3088 hunc
653 3011 845 3080 oratorem,
873 3013 975 3086 quem
1009 3008 1100 3059 nunc

140 3097 261 3198 fingo,
283 3118 321 3199 ut
347 3099 494 3190 institui,
522 3098 663 3190 creare,
695 3100 833 3191 aluere,
866 3097 1098 3186 confirmaro;
1142 3114 1145 3123 “

139 3207 265 3280 tradam
282 3236 359 3282 eum
376 3209 515 3301 Crasso,
536 3233 569 3283 et
594 3210 823 3300 vestiendum,
843 3228 876 3281 et
900 3201 1109 3281 ornandum.⁴

75 3346 121 3396 124
187 3318 276 3389 Tum
302 3321 433 3393 Craffus
450 3323 527 3392 :Tu
540 3345 625 3394 veto
636 3374 646 3409 ,
659 3320 791 3416 inquit,
810 3319 959 3404 Antoni,
975 3342 1099 3416 perge,

71 3526 74 3531 Α
130 3447 176 3533 ut
202 3425 371 3530 instituisti.
397 3435 514 3530 Neque
538 3433 626 3504 enim
646 3432 691 3503 est
710 3432 933 3530 boni,neque
955 3429 1098 3505 liberalis

76 3586 80 3595 -
137 3542 303 3638 parentis,
330 3568 428 3641 quem
454 3545 660 3640 procrearit,
678 3536 711 3616 et
732 3543 902 3630 eduxerit,
928 3567 1004 3615 eum
1024 3555 1096 3614 non

137 3672 172 3720 et
188 3649 308 3725 vestire
323 3703 331 3736 ,
358 3668 391 3722 et
416 3675 560 3737 ornare,
578 3653 767 3749 praesertim
791 3678 867 3725 cum
892 3672 929 3724 te
945 3651 1096 3747 locuple·

136 3775 205 3833 tem
226 3759 290 3835 effe
312 3785 431 3858 negare
454 3787 524 3836 non
548 3762 658 3860 poffis.
685 3762 789 3858 Quod
809 3761 898 3835 enim
914 3785 1096 3837 ornamen-

62 3936 79 4031 ἱ
