2302 4304
324 314 698 421 4ΒΚΟΤῊ(
920 340 1010 429 3ῃ

54 476 140 553 mihi
158 476 347 556 uideantur
354 504 445 552 mon
432 478 602 554 voltuffe
627 476 799 570 nonnulli5
827 496 866 553 ut
883 504 903 552 a
923 497 958 553 te
976 480 1013 554 in
1131 528 1134 539 ·

53 613 229 666 oratorum
255 615 428 664 numerum
433 588 671 667 referrentur
732 589 825 665 Haec
855 614 930 662 cum
957 590 1074 694 ille87

52 698 200 790 dixisset,
227 698 333 797 Longi
350 697 653 772 sermonnmmum
671 696 1012 795 pepulisti,mq1um,
1129 718 1131 722 “

52 811 184 900 Attice,
220 831 356 906 remque
390 801 625 893 commovisti,
664 827 757 876 nova
792 802 1013 900 disputatione

51 917 210 1016 dignam,
235 938 338 1013 quam
358 913 394 986 in
418 913 506 989 aliud
524 931 655 1008 tempus
672 909 872 984 differamin.
922 913 1010 986 Vol·
1027 930 1073 993 298

50 1028 156 1101 vendi
182 1026 271 1100 enim
292 1026 365 1100 sunt
383 1026 460 1101 libri
481 1051 558 1098 cum
584 1024 747 1112 aliorum,
769 1024 1012 1120 tuminprimis

50 1135 204 1208 Catonis.
220 1134 400 1233 intelliges,
426 1134 505 1206 nihil
524 1133 608 1207 illius
631 1133 853 1221 lineamento,
877 1131 937 1204 nifi
950 1157 1011 1203 eo·

49 1269 127 1323 rum
152 1245 421 1342 pigmentorum,
447 1270 532 1343 quae
559 1247 693 1320 inventa
721 1243 872 1316 nondum
899 1267 1010 1330 erant,

48 1353 172 1432 dorem
192 1376 232 1440 ,et
253 1359 408 1433 colorem
436 1357 584 1431 defuille.
633 1360 720 1431 Nam
743 1356 784 1430 de
807 1354 911 1428 Crnffi
933 1382 1009 1429 ora·
1072 1362 1073 1366 ’

48 1473 143 1546 tione
163 1471 210 1546 fic
232 1473 401 1564 existimo,
420 1472 540 1570 'ipsunn
566 1468 700 1545 fortasse
726 1467 842 1540 melius
863 1462 1008 1564 ‘potuille

47 1581 216 1655 seribere:
241 1584 340 1658 alium
352 1638 364 1672 ‚
387 1601 426 1657 ut
447 1584 617 1671 anbinor,
646 1580 825 1654 neminem.
873 1579 945 1651 Nec
970 1578 1007 1651 in

47 1692 118 1767 hoc
142 1694 284 1768 ironiam
314 1698 440 1791 dixeris
465 1697 551 1786 effe,
585 1696 678 1793 quod
708 1718 782 1766 eam
817 1691 1022 1769 orationem.
1076 1746 1081 1763 2

47 1802 134 1877 mibi
157 1805 341 1905 magistram
364 1805 629 1886 fuiffedixerim.
651 1829 728 1879 nam
749 1803 807 1876 etsi
828 1823 866 1876 tu
888 1803 1006 1878 melius

44 1912 231 1986 existisnare
254 1916 377 2009 videris
397 1915 437 1987 de
457 1939 513 2003 ea,
544 1913 690 2010 siquam
712 1935 799 1983 nunc
830 1909 1005 1998 habemus,

45 2017 225 2108 faoiltate3
251 2042 381 2113 tamen,
405 2020 627 2094 adolescentes
648 2019 730 2116 quid
751 2018 790 2089 in
807 2016 929 2103 Latinis
944 2041 1006 2113 po·

43 2124 112 2203 'tius
137 2131 363 2223 mimenni„
393 2156 462 2204 non
483 2131 705 2206 habebamus.
768 2127 874 2219 Quod
895 2144 1005 2201 autem
1019 2155 1068 2208 299

43 2240 156 2339 plures
191 2268 211 2316 a
242 2243 340 2319 nobis
368 2243 530 2316 nominati
561 2242 652 2326 sunt,
684 2261 728 2310 eo
753 2236 912 2333 pertinuit
942 2235 1007 2333 (ut
1043 2303 1045 2310 ,

44 2349 149 2448 paulo
160 2375 237 2426 ante
250 2352 363 2452 dixi),
376 2353 470 2452 quod
484 2350 622 2446 intelligi
640 2347 752 2436 volui,
777 2346 811 2418 in
829 2369 890 2433 eo,
912 2346 1005 2417 cuius

43 2485 165 2544 omnes
188 2463 383 2560 cupidiffuni
409 2461 529 2553 ellent,
549 2485 667 2560 ¹quam
693 2458 790 2556 pauci
822 2457 913 2554 digni
939 2455 1005 2528 nd-

43 2569 137 2642 mine
157 2571 344 2664 evaderent.
399 2576 512 2669 Quare
538 2609 634 2667 annui
651 2597 736 2665 me,
764 2596 806 2643 ne
827 2564 1004 2645 fiAfrica-
1057 2603 1061 2611 ·

43 2704 106 2753 ntis
126 2681 268 2779 ‘quidem
295 2683 385 2769 fint,
406 2683 466 2783 (ut
488 2685 533 2756 ait
553 2683 588 2754 in
616 2681 750 2754 historia
776 2681 832 2755 sua
856 2681 896 2755 C.
918 2685 1006 2754 Fan-

43 2790 166 2891 nius¹,)
196 2793 373 2870 existimari
402 2798 515 2870 velim.
576 2799 625 2869 Ut
645 2795 758 2884 voles,
781 2794 889 2894 inquit
915 2796 1003 2868 Ani-

43 2925 111 2974 cus.
155 2902 236 2999 Ego
254 2905 343 2976 enim
362 2930 433 2978 non
451 2907 590 2980 alienum
611 2932 630 2978 a
651 2925 685 2979 te
708 2905 883 3002 putabam,
907 2905 1001 3001 quod

43 3029 73 3082 et
93 3010 129 3081 in
151 3010 311 3084 Africano
339 3013 464 3105 finffet,
488 3005 522 3088 et
550 3016 584 3087 in
607 3018 753 3089 socrate.
801 3017 891 3086 Tum
917 3017 1001 3085 Bru'·
1014 3018 1073 3089 300'

43 3134 112 3207 lew,
139 3119 194 3190 De
216 3119 280 3191 isto
305 3121 433 3216 postea:
456 3123 512 3201 sed
539 3148 577 3197 tu
600 3122 743 3221 (inquit,
770 3147 825 3195 me
850 3121 999 3220 inmens)

43 3228 211 3304 orationes
227 3231 325 3304 nobis
345 3256 474 3329 ueteres
492 3233 695 3333 explicabis?
715 3238 828 3321 Vero,
846 3230 999 3328 inqtnm,
1089 3267 1091 3271 ¹

43 3338 154 3419 Brute:
178 3338 261 3412 sed
252 3367 286 3410 ιη
295 3341 475 3432 Cumano
500 3362 555 3418 aut
572 3347 608 3417 in
621 3343 827 3433 Tusculano,
852 3344 999 3471 aliquun-

43 3448 101 3537 lo,
127 3445 277 3522 simodo
295 3451 422 3552 licebit.
446 3455 605 3554 quoniam
625 3469 781 3552 utroque
790 3454 825 3526 in
844 3454 974 3527 loco
940 3482 997 3528 vi

43 3559 105 3632 :int
94 3557 256 3635 Qsumus
290 3563 382 3637 Sed
368 3589 438 3639 nnn
459 3564 582 3657 adid,
606 3565 698 3638 unde
717 3562 846 3665 digreffi
866 3562 994 3650 sumus,
1012 3573 1058 3648 88

43 3686 255 3746 evertamur.

51 3780 312 3897 dl‘ortenfius
303 3782 423 3886 igitur,
441 3784 713 3890 cumadmoduu
728 3776 916 3856 adolescens
936 3799 994 3861 ora
1003 3796 1065 3879 jot·
