2302 4304
390 99 723 183 LIBERIJ.
893 130 1028 202 .17t

11 296 15 325 t
44 248 47 255 ¹
78 261 335 359 nbr'ge'musras?
356 240 476 333 ¹Risum
487 263 668 369 quaesivit,
695 264 754 363 qui
780 265 843 358 cll,
869 267 1030 343 mensen-

75 375 193 469 tentia,
229 374 285 451 vel
312 373 517 449 tenuiffimus
543 377 666 476 ingenii
696 376 840 455 fructu..
881 381 1030 479 Tempus

71 483 171 580 igitur
194 485 351 574 dicendi,
390 487 565 582 prudentia
602 510 635 565 et
663 492 821 591 gravitate
839 493 1029 567 moderabi-

67 618 169 667 murz·
184 620 326 692 quatum
339 595 465 667 utinam
478 615 584 674 artem
591 599 736 699 aliquam
748 600 960 675 haberemus!
974 601 1030 676 sed

65 705 207 780 domina
224 729 337 783 nattua
355 707 410 781 est.
534 736 536 739 ’

116 819 218 892 Nunc
240 844 444 915 exponamus
465 846 585 920 genera
610 822 678 918 ipsa
704 822 912 912 stunmatim,
946 848 1029 923 quae
1047 821 1090 894 61

58 928 170 1003 risum
185 931 329 1007 maxime
349 952 518 1008 moveant.
568 936 660 1007 Haec
672 935 772 1032 igittu
784 934 823 1006 fit
836 933 944 1030 prima
952 959 1030 1032 pat-
1048 940 1095 1002 248

64 1040 174 1131 titio,
191 1043 283 1142 quod
298 1043 402 1120 facete
419 1047 566 1136 dicamr,
589 1046 715 1143 idalias
733 1047 769 1117 in
785 1072 822 1119 re
834 1045 966 1137 haberi,
991 1073 1030 1119 a·

67 1152 133 1257 lias¹
149 1156 183 1227 in
201 1158 330 1232 verbo:
355 1158 481 1243 facetiis
498 1177 608 1232 autem
632 1160 774 1233 maxime
799 1159 952 1232 homines
968 1161 1029 1234 de·

66 1262 198 1361 lediari,
210 1266 234 1339 fi
246 1270 380 1366 quando
393 1269 474 1355 risus
491 1270 679 1360 coniundle,
691 1295 729 1349 re
740 1269 912 1367 verboque
926 1320 938 1359 ,
950 1292 1029 1342 mo-

64 1395 195 1446 veatur.
245 1376 310 1451 sed
332 1377 399 1449 hoc
416 1397 648 1465 mementote,
692 1376 904 1475 quoscunque
934 1376 1029 1452 locos

59 1481 244 1579 attingam,
278 1484 366 1559 trude
383 1483 522 1556 ridicula
541 1484 717 1571 ducantur,
754 1507 796 1554 ex
813 1483 929 1556 iisdem
946 1482 1030 1556 locis

56 1591 139 1668 sere
155 1595 255 1666 etiam
270 1620 395 1694 gravae.
406 1596 578 1668 sententias
599 1595 690 1691 polle
708 1595 797 1667 duci.
821 1617 949 1667 tantum
974 1595 1029 1667 in·

62 1699 182 1791 terest,
213 1702 308 1799 quod
329 1703 472 1800 gravitas
488 1700 659 1775 honestis
651 1728 686 1773 ιιι
704 1702 801 1774 rebus
812 1700 950 1792 severe
974 1699 1029 1775 io·

64 1814 175 1889 curin
192 1814 361 1914 turpiculis
382 1838 415 1886 et
435 1813 524 1911 quali
550 1810 755 1884 deformibus
769 1812 933 1909 ponitur.
965 1837 1028 1886 ve·
1089 1912 1093 1921 „

65 1926 141 1999 lut
132 1952 167 1997 m
193 1926 311 1999 iisdem
325 1926 437 2000 verbis
455 1943 487 1998 et
505 1925 638 1997 laudare
667 1923 753 2021 frugi
773 1923 903 1996 servum
916 1922 1058 2018 poffu
1095 1958 1097 1963 ⁴

62 2060 164 2124 mus,
185 2052 219 2107 et
240 2033 264 2104 fi
285 2025 501 2131 estnequam,
525 2034 638 2106 iocati.
688 2029 876 2129 Ridiculum
889 2031 934 2104 est
947 2029 1028 2101 illud

59 2146 296 2217 Neronianum
308 2163 406 2217 vetus
424 2145 458 2216 in
477 2143 589 2216 firrace
608 2135 726 2231 servo,
748 2122 859 2210 Solam
882 2139 957 2238 effe,
977 2143 1029 2210 cui
1075 2141 1078 2145 ’

63 2262 151 2328 domi
169 2260 256 2327 nihil
263 2256 311 2354 stt
336 2283 390 2326 nec
409 2254 626 2351 obsgrzatum,
652 2278 705 2320 nec
727 2248 903 2340 occlusum:
934 2248 1028 2346 quod

62 2368 153 2441 idem
167 2368 203 2438 in
216 2366 310 2439 bono
322 2367 422 2439 servo
436 2366 501 2437 dici
521 2363 622 2449 solet;
644 2362 700 2434 sed
714 2361 780 2432 hoc
794 2358 910 2433 iisdem
927 2359 1026 2435 etiam

61 2480 186 2554 verbis
249 2479 300 2548 Ex
326 2478 443 2549 iisdem
470 2492 579 2548 autem
606 2473 688 2548 locis
710 2474 823 2545 omnia
842 2472 1024 2549 nascuntur.
1045 2504 1091 2554 ιιι

62 2596 151 2666 Nam
164 2591 258 2688 quod
280 2591 334 2687 Sp.
353 2589 505 2663 Carvilio
519 2589 662 2687 graviter
678 2587 872 2660 claudicanti
894 2613 936 2659 ex
948 2589 1024 2664 vul-

61 2729 141 2776 nere
160 2700 207 2776 ob
229 2703 467 2799 rempublicam
489 2723 652 2800 accepto,
689 2722 723 2777 et
744 2704 790 2775 ob
809 2728 881 2776 eam
896 2705 1024 2777 causam
1107 2737 1110 2743 ·

60 2818 299 2897 verectmdanti
320 2817 356 2888 in
383 2818 553 2915 publictun
578 2820 737 2914 prodire,
779 2837 884 2890 mater
916 2818 1023 2902 dixit,

62 2919 156 3023 Quin
169 2931 303 3022 prodis,
331 2930 375 2996 mi
401 2930 530 3020 Spuri?
555 2929 788 3020 quotiescunque
816 2930 947 3022 gradum
960 2929 1022 3018 fa-

59 3044 146 3130 cies,
173 3042 263 3111 cotim
288 3040 346 3110 tibi
363 3062 488 3109 attatum
503 3042 653 3110 virtutum
677 3042 783 3110 veniat
808 3039 843 3106 in
866 3062 1021 3112 mentem:

59 3149 265 3248 praeclarum
280 3166 321 3223 et
324 3174 424 3247 grave
439 3149 508 3222 est·
527 3151 620 3247 quod
637 3149 779 3223 Calvino
789 3147 925 3222 Glaucia
935 3150 1022 3224 clau·

59 3261 211 3352 dicanti,
240 3265 360 3362 Ubicss
380 3287 468 3334 vetus
479 3265 591 3334 illud?
613 3290 690 3336 num
709 3259 896 3333 candeas?
923 3287 959 3334 ac
971 3267 1020 3334 lzic

60 3359 221 3446 dodican:
246 3375 424 3462 ridiculum
445 3375 519 3449 est.
510 3395 791 3502 ·etutn1mque
779 3401 821 3450 ex
836 3401 903 3464 ιο,
928 3375 1022 3470 quod

62 3481 97 3553 in
130 3481 370 3557 claudicatione
390 3485 607 3559 animadverti
635 3484 770 3586 potuit,
806 3484 853 3556 est
875 3482 1020 3558 dudum.
1084 3551 1088 3562 .

66 3598 160 3694 Quid
186 3601 243 3671 hoc
263 3603 386 3675 Naevia
414 3602 601 3700 ignavius?
628 3601 741 3680 severe
763 3600 907 3696 Scipio:
936 3610 970 3667 at
985 3597 1027 3670 in
1075 3682 1078 3687 4
