2302 4304
153 296 223 368 ψ
379 256 880 355 uronrronn
995 304 999 316 .

100 463 131 528 εγ
149 436 306 510 Valeriusr
316 439 466 536 quotidie
480 442 641 513 cantabat.
660 463 728 541 erat
744 444 833 514 enim
846 443 1002 518 scenicus.
1021 445 1113 544 quid·

34 568 38 586 '
147 549 269 624 faceret
285 552 370 623 aliud
387 552 401 623 l
424 556 468 622 At
486 553 663 626 Numerius
680 553 815 643 Furius,
836 555 946 634 noster
967 557 1106 630 familia-

146 660 219 751 ris,
237 686 312 733 cum
334 661 380 734 est
401 663 618 734 commodrun
633 717 644 752 ,
662 681 781 738 cantat.
811 664 858 736 est
879 666 967 737 enim
989 687 1099 763 pater-

52 760 55 766 *
145 767 308 859 familias,
337 768 383 841 eli
412 794 511 868 eques
542 773 719 844 Romanus,
744 798 826 868 puer
845 773 985 861 didicit,
1005 777 1098 872 quod

145 877 333 953 discendum
352 877 424 951 fuit.
450 879 570 952 Eadem
594 881 679 952 ratio
697 879 744 951 est
761 882 877 951 hatum
891 883 1011 952 artium
1028 901 1097 953 ma-

143 988 331 1065 rimarum.¹
357 990 425 1063 dies
451 1009 484 1062 et
509 991 623 1062 nosles
647 989 755 1063 virum
778 990 903 1062 summa
921 993 1046 1064 virtute
1063 1012 1099 1066 et

141 1098 314 1192 prudentia
353 1099 570 1188 videbamus,
597 1088 807 1197 ¹philosopho
845 1125 921 1170 cum
955 1125 1097 1198 operam

141 1205 255 1293 daret,
286 1209 332 1299 Q.
364 1209 588 1280 Tuberonem.
635 1211 680 1281 At
709 1209 779 1280 eiru
808 1212 1006 1285 avunculum
1036 1216 1096 1288 vix

140 1314 331 1413 intelligeres
353 1315 388 1386 id
415 1340 538 1412 agere,
571 1342 647 1390 cum
673 1342 784 1416 ageret
810 1340 939 1411 tamen,
966 1323 1096 1398 Africa·

138 1451 227 1498 num.
256 1422 324 1498 'Ista
346 1427 512 1517 discuntur
545 1428 664 1520 facile,
693 1431 717 1502 s1
746 1451 779 1505 et
807 1453 935 1507 tantum
965 1436 1094 1526 sumas,

137 1552 294 1631 quanuun
318 1559 404 1631 opus
425 1534 487 1625 s1t,
506 1556 540 1608 et
564 1536 703 1626 habear,
724 1538 782 1636 qui
803 1540 923 1615 docere
951 1541 1095 1617 fideliter

89 1662 119 1714 st
135 1643 258 1740 possit,
285 1661 319 1717 et
339 1643 423 1721 scias.
440 1645 539 1716 etiam
563 1643 630 1741 ipse
652 1644 783 1718 discere.
812 1649 876 1720 Sed
896 1649 1008 1722 fitota
1022 1652 1094 1723 vita

135 1750 216 1823 nihil
243 1742 327 1824 velis
346 1751 432 1823 aliud
460 1755 583 1848 agere,
612 1749 679 1846 ipsa
705 1748 855 1824 uastatio
881 1775 913 1826 et
940 1754 1091 1851 quaestio

121 1849 283 1959 ⁴quotidie
317 1886 358 1932 ex
391 1861 424 1933 se
458 1861 570 1959 gignat
603 1860 746 1958 aliquid,
780 1863 871 1960 quod
901 1889 977 1935 cum
1004 1865 1091 1935 defi·

135 1971 230 2043 diosa·
245 1971 461 2045 deledlatione
488 1972 637 2070 vestiges.
669 1973 714 2045 ita
745 1970 782 2044 fit
792 1991 808 2061 ¹,
839 1991 875 2045 ut
909 1973 1090 2073 agitatione

85 2120 88 2125 ·
133 2076 244 2153 rerum
266 2082 303 2154 slt
325 2081 452 2156 infinita
470 2083 642 2181 coguiti0,
667 2080 767 2155 facilis
796 2083 870 2156 usus
901 2084 1089 2159 dostrmam

95 2245 98 2253 ·
133 2192 325 2285 confirmet,
356 2196 531 2268 mediocris
565 2218 668 2288 opera
699 2195 858 2287 tribuatur
871 2248 900 2282 ‚.
922 2197 1088 2285 memoria

131 2304 335 2402 studiumque
360 2324 555 2401 permaneat.
580 2304 676 2378 Libet
698 2326 806 2378 autem
831 2304 959 2402 semper
976 2306 1087 2393 disce-

129 2440 191 2500 re3
215 2437 251 2486 ut
271 2415 410 2490 fivelim
442 2439 505 2514 ego
528 2414 599 2488 talis
621 2414 746 2510 optime
766 2414 905 2503 ludere,
927 2437 982 2488 aut
997 2412 1087 2514 pilae

129 2522 236 2593 studio
261 2542 392 2610 tenear,
417 2524 513 2595 etiam
532 2522 700 2613 sortasse,
723 2523 747 2594 sr
771 2523 893 2621 assequi
913 2550 984 2597 non
1011 2529 1088 2623 pos-

129 2635 196 2704 sim.
228 2652 261 2703 at
282 2635 358 2721 alii,
377 2633 453 2728 quia
472 2633 636 2727 praeclare
660 2630 804 2716 faciunt,
828 2630 1086 2725 vehementius,

128 2767 225 2837 quam
249 2742 340 2812 causa
365 2741 529 2837 postida't,
556 2743 781 2832 delcetantur,
807 2765 844 2814 ur
864 2741 972 2815 Titius
993 2745 1081 2840 pila,

79 2860 109 2932 ἔρ
127 2850 233 2921 Brulla
250 2852 330 2924 talis.
357 2856 471 2951 Quare
497 2854 580 2924 nihil
601 2852 666 2945 est,
689 2853 782 2953 quod
801 2849 972 2947 quisquam
986 2877 1085 2952 mag-

126 2960 307 3033 nitudinem
341 2964 459 3035 artium
496 2989 545 3041 exv
569 2988 636 3051 en,
672 2953 764 3059 quod
800 2960 891 3033 senes
923 2959 1082 3054 discunt,

124 3071 337 3169 pertimescat.
364 3077 515 3172 Namque
535 3065 589 3145 aut
611 3072 701 3146 senes
720 3072 761 3144 ad
783 3095 836 3144 eas
853 3068 1081 3160 accesserun13

66 3264 69 3271 Α
125 3203 184 3255 aut¹
207 3184 307 3282 usque
330 3185 370 3256 ad
391 3184 586 3257 senedutem
610 3182 644 3255 in
664 3180 776 3253 studiis
792 3179 1004 3264 detinentur;
1024 3200 1082 3254 aut

124 3290 196 3363 suut
216 3290 394 3367 tardissimi.
432 3295 497 3365 Res
525 3291 660 3390 quidem
683 3288 716 3362 se
750 3312 823 3360 mea
850 3285 1007 3358 sententia
1033 3287 1079 3388 fio

119 3399 236 3487 habet,
256 3425 316 3492 ut,
342 3404 408 3508 ⁸nifi
433 3403 525 3502 quod
551 3401 688 3499 quisque
718 3397 788 3477 cito
805 3395 975 3492 potuerit,
991 3421 1084 3467 nun-e

62 3521 106 3586 24
123 3540 220 3610 quam
248 3515 387 3586 omnino
408 3516 506 3611 possit
527 3512 721 3608 perdiscere.
756 3513 844 3594 lam,
866 3507 952 3597 iam,
967 3507 1078 3606 inquit

74 3661 106 3711 90
123 3625 272 3714 Catulus,
293 3625 459 3721 intelligo,
480 3621 614 3717 Crasse,
635 3622 715 3718 quid
742 3622 829 3692 dicas
855 3643 864 3686 :
885 3637 918 3690 et
941 3618 1079 3700 hercule

123 3731 286 3807 assentior.
309 3731 390 3804 Satis
407 3731 508 3806 video
526 3731 604 3834 tilii,
618 3728 747 3804 homini
760 3730 801 3802 ad
821 3726 1083 3827 perdiscendun
