2302 4304
85 283 193 387 ’μ
376 287 883 361 oeounroue
990 350 993 361 ,

144 451 206 525 tibi
219 449 364 548 cupienti
377 472 474 548 atque
489 448 617 522 instanti
631 448 809 545 saepissime
823 446 972 545 negasse,
986 465 1024 518 ut
1036 464 1108 518 tute

38 622 40 631 ,
144 564 244 660 paulo
256 583 333 634 ante
347 559 464 634 dixisti.
477 560 580 654 Quod
596 578 740 657 ego'non
749 559 915 655 superbia,
932 584 1039 655 neque
1054 559 1108 628 in·

144 663 349 745 humanitate¹
357 670 530 756 faciebam,
541 693 648 765 neque
662 694 730 766 quo
740 687 800 740 tuo
811 667 916 740 studio
930 667 1108 739 redissrmo

144 799 244 876 atque
266 778 397 873 optimo
412 802 481 848 non
500 776 637 873 obsequi
656 777 774 849 vellem
790 830 801 865 ,
819 776 1007 873 praesertim
1029 801 1108 848 cum

144 909 178 960 re
204 914 307 961 unum
336 912 377 959 ex
406 887 559 976 omnibus
590 888 630 957 ad
667 887 842 960 dicendum
874 888 1017 960 maxime
1048 913 1110 958 na·

25 1017 29 1023 '
144 1017 241 1090 tum,
269 1017 448 1095 apttunque
475 999 696 1096 cognossem·;
723 997 780 1072 sed
804 1000 989 1074 mehercule
1016 1000 1108 1073 istius

99 1148 101 1155 v
144 1107 383 1206 disputationis.
394 1106 591 1196 insolentia,
610 1124 707 1203 atque
728 1133 844 1180 earum
867 1134 1001 1198 rerum,
1020 1134 1109 1205 quae

11 1247 13 1251 ⁴
29 1239 36 1253 ‘
82 1255 131 1294 «ιο
144 1217 234 1318 quast
248 1218 283 1289 in
297 1234 367 1289 arte
379 1218 573 1307 traduntur,
603 1216 738 1290 inscitia.
759 1221 847 1291 Tum
863 1221 989 1307 Cotta,
1005 1225 1107 1314 Quo-1

145 1335 234 1406 niam
261 1331 321 1421 id,
348 1318 439 1427 quod
467 1329 697 1401 difficillimum
718 1319 816 1402 itobis
842 1331 1042 1420 videbatur,
1070 1356 1107 1406 ut

145 1441 286 1514 omnino
313 1442 354 1514 de
380 1441 432 1513 his
459 1442 582 1529 rebus,
607 1439 734 1530 Crasse,
760 1441 933 1538 loquerere
948 1494 958 1526 ‚
973 1440 1107 1516 assecuti

145 1551 279 1625 sumus:
304 1553 345 1624 de
369 1551 498 1647 reliquo
527 1550 593 1621 iam
619 1549 729 1651 nostra
752 1551 845 1647 culpa
871 1549 987 1638 suerit,
1006 1549 1030 1620 sr
1052 1571 1108 1643 te,

11 1742 15 1753 ,
60 1749 63 1752 Α
94 1699 117 1744 ,·
144 1662 206 1735 uisr
234 1663 373 1749 omnia,
401 1685 486 1759 quae
505 1660 702 1757 percontati
728 1661 874 1751 erimus,
909 1659 1107 1756 explicatis,

146 1773 374 1848 dimiserimus.
413 1773 469 1846 De
499 1774 549 1845 his
562 1827 575 1862 ,
602 1774 703 1845 credo
718 1826 729 1863 ,
742 1773 838 1845 rebus
852 1827 863 1862 ‚
879 1772 986 1869 inquit
1009 1763 1108 1842 Cras-

84 1920 129 1962 ιοι
146 1883 222 1975 sus,
245 1903 284 1957 ut
305 1885 340 1956 in
362 1883 562 1956 cretionibus
589 1881 685 1953 scribi
712 1880 818 1971 solet,
836 1885 959 1976 Quibus
975 1882 1107 1973 sciam,
1136 1922 1137 1925 =

55 2006 63 2016 ”
132 1982 313 2093 poteroque.
337 2000 426 2070 Tum
442 1998 520 2087 ille,
543 1998 696 2092 Namque
709 1996 801 2092 quod
819 2015 855 2068 tu
877 1999 947 2066 non
965 1993 1107 2090 poteris,

86 2150 87 2154 =
145 2129 204 2179 aur
225 2108 370 2199 nescies,
399 2110 472 2208 quis
494 2109 643 2182 noslrum
670 2128 739 2181 tam
753 2110 934 2207 impudens
955 2107 1027 2197 est,
1050 2109 1109 2205 qui

144 2214 178 2288 se
205 2215 287 2290 scire
313 2239 379 2290 aut·
394 2215 487 2314 posse
513 2210 683 2319 postulet?

91 2362 94 2367 ·
117 2322 119 2326 ⁴
193 2327 263 2397 lam
283 2351 392 2412 vero,
411 2321 469 2396 isla
487 2321 707 2411 conditione,
731 2322 809 2393 dum
831 2322 914 2394 mihi
938 2323 1109 2416 liceatne·

145 2457 251 2530 gare,
277 2429 371 2530 posse
398 2432 490 2530 quod
507 2455 577 2504 non
601 2424 748 2528 potero,
776 2450 810 2503 et
835 2429 956 2517 fateri,
983 2433 1109 2507 nescire

130 2544 240 2638 quod
263 2542 430 2632 nesciam,
462 2541 563 2631 licet,
588 2540 696 2639 inquit
728 2539 885 2630 Crassis,
912 2541 1023 2616 vessro
1051 2570 1107 2616 ar-

87 2652 271 2732 102bitratu
295 2652 550 2750 percontemini.
596 2654 706 2747 Atque
728 2673 750 2737 ,·
776 2650 884 2750 inquit
923 2653 1107 2749 SulpiciuS,

147 2763 216 2836 hoc
242 2763 388 2860 primum
411 2786 453 2832 ex
473 2783 539 2849 te,
566 2760 607 2860 de
629 2786 698 2857 quo
725 2760 830 2832 modo
859 2764 1022 2836 Antonius
1048 2791 1109 2837 ex-

147 2873 284 2972 posuit,
306 2873 387 2972 quid
418 2872 556 2961 sentiae,
580 2872 792 2969 quaerimus:
816 2874 1017 2949 existimesne
1054 2905 1108 2950 ar-

148 3003 218 3058 tem
239 2987 381 3084 aliquam
409 2984 473 3056 esse
496 2984 636 3058 dicendi.
659 2984 780 3078 Quid?
801 2985 883 3056 mihi
911 3011 998 3058 nunc
1017 3014 1109 3074 vos,

147 3094 256 3193 inquit
283 3096 439 3187 Crassus,
456 3104 612 3194 tanquam
638 3093 733 3167 alicui
756 3097 921 3168 Graeculo
944 3096 1056 3170 otioso
1074 3117 1108 3172 et

148 3202 303 3302 loquaci,
325 3222 359 3278 et
381 3202 517 3278 fortasse
539 3205 660 3294 dodo,
692 3226 794 3301 atque¹
821 3205 973 3295 erudito,
1005 3232 1108 3303 quae·

148 3308 365 3404 stiunculam,
392 3317 439 3388 de
461 3341 526 3412 qua
554 3339 630 3386 meo
660 3313 817 3399 arbitratu
842 3312 981 3411 loquar,
1004 3315 1109 3410 poni·

148 3420 216 3494 tis?
246 3423 392 3514 Quando
419 3421 514 3494 enim
535 3446 588 3494 me
614 3419 672 3493 isla
700 3421 850 3519 curasse,
872 3443 927 3496 aut
949 3425 1108 3522 cogitasse

32 3551 35 3555 ’
148 3530 438 3622 εὼὶῐῑειιηὶηὶ,“ετ
461 3557 531 3614 non
555 3531 682 3628 semper
695 3529 822 3607 irrisrsse
850 3533 961 3629 potius
988 3556 1107 3607 eorum

149 3640 325 3713 hominum
351 3642 614 3739 impudentiam,
640 3643 795 3739 quicum
826 3642 999 3753 inxschola
1021 3645 1106 3717 asse·

11 3781 24 3789 .,
54 3773 74 3832 J
148 3744 266 3825 dissent
278 3800 302 3844 ,-
326 3775 377 3824 ex·
400 3743 527 3852 'magna
566 3752 742 3827 hominum
778 3752 968 3852 frequentia.
997 3753 1107 3828 dicere
