2302 4304
308 298 316 315 '
414 284 726 371 Llnfiltll.
788 306 794 363 j
962 311 1030 388 ³55

20 487 30 503 ·
92 446 401 524 uerbimaecidere
420 443 539 541 posse,
556 462 655 542 quarn
666 445 693 517 fi
704 447 733 519 is
745 497 757 536 ,
770 446 828 544 qui
847 445 940 545 saepe
953 447 1033 521 alie·
1093 526 1097 533 ,

20 616 29 642 .
88 565 246 640 nissnnisa
262 590 335 654 me,
347 560 403 635 sed
419 558 503 632 meis
519 575 629 642 tamen
643 559 775 638 civibus
788 611 800 649 ,
813 558 904 633 saluti
923 558 1034 634 existi·

21 722 52 748 .-
86 702 187 751 nater
217 677 329 768 sitisse,
355 673 458 749 sodali
487 686 566 747 meo
588 673 752 755 auxilium
769 672 855 773 ferre
877 698 948 745 non
968 670 1034 772 po-

84 788 216 865 tuissem.
243 787 399 862 Petebam
418 808 438 857 e
456 781 638 870 iudicibus,
655 804 693 857 ut
712 784 793 857 illud
812 785 917 857 aetati
920 809 1033 876 meae,
1047 820 1096 857 20»

83 911 122 965 ut
136 894 349 984 honoribus,
367 911 406 966 ut
425 890 523 964 rebus
543 889 664 989 gestis,
683 890 811 963 siiusto
823 890 957 1002 ,sipio
974 895 1033 967 do-

81 996 148 1072 lore
168 1024 225 1073 me
247 996 314 1072 esse
328 995 479 1081 affedurn
491 995 664 1089 viderent,
683 978 923 1072 concederent:
921 1026 1033 1123 ‘prae-

79 1103 187 1183 sertim
212 1102 273 1177 si'
263 1129 302 1176 m
330 1104 400 1179 aliis
427 1101 528 1177 caulis
549 1103 805 1195 intellexissent,
836 1108 951 1181 onmia
977 1135 1033 1185 me

36 1218 40 1227 ’
77 1219 206 1317 semper
230 1244 295 1316 pro
313 1218 497 1293 amicorum
516 1216 689 1316 periculis,
710 1219 790 1293 nihil
810 1247 955 1320 unquam
968 1246 1033 1320 pro

78 1331 208 1428 meipso
240 1331 457 1430 deprecatum.
501 1330 555 1405 Sic
586 1330 622 1401 in
647 1329 701 1403 illa
725 1332 819 1405 omni
842 1331 1032 1409 defensione
1113 1374 1116 1379 >

77 1464 176 1544 atque
198 1447 290 1521 cause
303 1500 315 1538 ,
328 1445 423 1545 quod
446 1442 512 1518 effe
529 1444 565 1517 in
586 1464 655 1518 arte
676 1443 818 1543 positum
839 1447 1030 1541 videbatur,

77 1572 110 1624 ut
141 1551 185 1625 de
212 1551 286 1650 lege
312 1550 449 1649 Aptdeia
474 1550 643 1641 dicerem,
669 1569 732 1642 ut,
758 1550 840 1649 quid
864 1550 944 1635 esset
964 1555 1029 1626 mi-

23 1740 25 1747 .
75 1688 175 1737 nuere
199 1665 426 1756 maiestatem,
450 1665 673 1762 explicarem,
698 1688 857 1763 perquam
883 1665 1029 1769 breviter

75 1772 250 1868 perstrinxi
275 1772 505 1873 atque-'attigi
556 1772 617 1845 His
638 1770 764 1845 duabus
784 1771 930 1870 partibus
949 1798 1028 1846 ora-

74 1883 194 1975 tionis,
216 1909 358 1982 quarum
384 1884 484 1958 altera
504 1881 760 1957 concitationem
781 1882 904 1973 habet,
928 1884 1031 1959 altera

73 1994 425 2087 commendationem,
449 2021 533 2094 quae
557 1994 693 2067 minime
714 1995 895 2091 praeceptis
907 1997 1028 2071 artium

74 2097 144 2169 sunt
165 2099 374 2196 perpolitae,
393 2102 504 2175 omnis
516 2099 563 2176 esl
578 2127 598 2173 a
616 2101 744 2176 meilla
764 2102 856 2175 causa
871 2104 1027 2188 traduto,

73 2228 106 2283 ut
131 2229 169 2285 et
190 2212 369 2287 acerrimus
390 2214 427 2286 in
450 2213 629 2311 Caepionis
653 2213 779 2289 invidia
808 2214 1027 2306 renovanda,

71 2342 102 2397 et
126 2325 165 2398 in
191 2326 276 2400 meis
299 2328 449 2402 moribus
470 2353 548 2425 erga
575 2352 671 2419 meos
698 2324 894 2399 necessarios
917 2326 1027 2398 decla·

72 2437 182 2511 randis
194 2429 462 2514 mansuetisl'unus
479 2438 623 2514 viderer.
644 2441 692 2510 Ita
711 2435 814 2533 magis
827 2433 948 2508 affeslis
959 2436 1037 2508 ani-¹
1137 2468 1140 2475 ·

72 2545 132 2620 mis
150 2547 301 2622 iudicum
313 2574 447 2648 ,quam
465 2546 587 2637 doctis,
604 2564 661 2619 tua
673 2545 845 2642 ,Sulpici,
862 2544 909 2619 est
924 2570 945 2620 a
962 2574 1026 2623 no-

71 2654 118 2730 bis
136 2675 218 2732 turn
239 2661 399 2735 accusatio
424 2660 523 2741 vieta.
550 2658 615 2731 Hic
632 2657 816 2756 Sulpicius,
841 2662 930 2733 Vere
948 2660 1030 2734 her·
1026 2680 1087 2757 50

68 2768 161 2860 cule,
183 2771 316 2870 inquit,
342 2774 492 2865 Antoni,
514 2773 572 2846 isla
593 2798 845 2850 commemoras.
865 2776 943 2850 nans
957 2803 1085 2878 ego20²

68 2877 310 2977 nihilunquam
327 2882 399 2956 vidi
408 2883 803 2981 ,quodtamemanibus
819 2883 1022 2976 elaberetur,

66 3011 169 3084 quam
194 2986 277 3060 mihi
300 3004 369 3062 tu'm
396 2989 442 3064 est
466 2991 571 3088 elapsa
595 2992 649 3064 illa
670 2993 775 3066 causa.
818 2995 908 3074 Cum
931 2998 1022 3070 enim'

66 3093 375 3194 (quemadmodum
397 3098 549 3198 dixisti)
573 3099 634 3171 tibi
660 3125 724 3199 ego
745 3124 815 3171 non
838 3100 1021 3197 iudicium,
1083 3127 1106 3145 ··

64 3203 119 3278 sed
142 3205 335 3279 incendium
349 3208 569 3282 tradidissem·
560 3209 677 3311 ‚qtted
691 3226 784 3281 tuum
805 3209 1021 3308 principium,
1082 3245 1085 3251 ·

66 3315 113 3386 dii
134 3313 365 3415 immortales,
389 3318 521 3392 fuit?
503 3320 562 3416 qui
585 3316 711 3397 sinor?
729 3344 813 3416 quae
831 3319 1018 3399 dubitatio?

63 3444 189 3550 quanta
206 3372 376 3499 haesitatio
388 3426 604 3525 ,tractuque
629 3427 837 3506 verborum?
870 3435 927 3507 Ut
931 3434 1022 3510 illud·

63 3533 162 3607 initio
176 3539 317 3636 quod
327 3540 390 3613 tibi
415 3567 520 3614 unum
546 3541 588 3613 ad
608 3541 847 3640 ignoscendum
865 3546 1019 3619 homines
1112 3531 1115 3537 ⁵

64 3647 212 3737 dabant,
242 3650 391 3743 tenuisti,
433 3669 466 3724 te
492 3676 557 3749 pto
575 3652 724 3726 homine
754 3655 1018 3751 pernecessario,
1132 3659 1135 3705 ἶ

61 3759 240 3860 quaestore
260 3782 339 3860 tuo,
364 3766 494 3858 dicere3
514 3791 612 3866 quarn
632 3769 692 3845 tibi
718 3770 861 3867 primum
881 3765 1017 3840 munisti
