2302 4304
95 278 228 352 -160
386 278 478 365 DE
531 280 904 359 ORATORE

153 460 236 535 quae
249 432 343 512 fimul
354 457 452 542 atquc
463 441 575 515 emiffa
588 442 655 533 est,
672 442 890 521 adhaerescit:
910 447 1118 526 illudentem

150 574 255 647 genus
277 552 437 631 orationis
449 579 519 627 non
537 557 764 657 cognitionem
787 555 924 650 iudicis,
948 560 1118 663 sedmagis

95 737 104 745 ,
150 662 433 775 pernubationem
444 665 606 771 requirit,
631 683 732 764 quam
747 668 932 767 consequi,
955 672 1015 745 nist
1028 675 1117 747 mul·

150 788 203 861 ta,
220 789 254 844 et
273 775 392 865 varia,
429 793 463 847 et
485 775 622 873 copiosa
648 776 801 867 oratione
818 830 831 867 ,
854 797 890 875 ¹et
906 779 1003 857 fimili
1027 806 1117 867 conf

83 911 129 965 αις
147 886 297 959 tentione
320 886 490 978 allionis,
527 913 628 963 nemo
664 888 780 986 potest
830 892 944 984 Quare
964 895 1024 992 qui
1052 912 1114 969 aut

148 997 327 1093 breviter,
360 1021 417 1077 aut
430 998 605 1089 ¹summisse
630 1000 776 1088 dicunt,
813 999 936 1073 docere
962 1002 1113 1079 iudicem

147 1111 311 1208 potsunt,
347 1135 567 1189 commovere
589 1137 658 1189 non
683 1111 841 1210 poffun13
890 1114 1015 1211 inquo
1038 1115 1114 1192 sunt

99 1272 104 1285 .
147 1221 272 1294 omnia.
295 1258 298 1263 ·
321 1224 389 1295 lam
422 1221 503 1299 illud
534 1220 744 1318 perspicuum
771 1218 838 1310 est,
864 1221 1027 1295 omnium
1056 1248 1111 1299 re·

122 1357 221 1415 term
250 1333 285 1405 in
318 1331 499 1411 contrarias
533 1346 644 1431 pentes
682 1327 867 1409 facultatem
907 1356 950 1403 ex
993 1331 1111 1407 iisdem

145 1444 342 1542 suppeditari
369 1444 465 1517 locis.
510 1441 573 1523 Sed
599 1460 794 1538 argumento
810 1440 1024 1517 retinendum
1042 1444 1108 1538 est,

146 1575 203 1635 aut
242 1555 309 1647 iis,
348 1581 431 1656 quae
460 1553 702 1652 comprobandi
741 1555 811 1629 eius
831 1554 933 1641 ,causa
971 1555 1108 1630 sumun-

144 1680 229 1756 tur,
268 1663 572 1763 reprehendendis,
618 1680 673 1734 aut
714 1660 1003 1755 demonstrando,
1049 1663 1109 1754 id,

144 1778 239 1876 quod
256 1776 454 1859 concludere
469 1773 515 1855 illi
527 1773 655 1864 velint,
680 1799 751 1853 non
763 1775 907 1851 efficiex
916 1771 1109 1874 proposito,

144 1915 207 1963 nec
219 1891 283 1965 effe
296 1890 501 1987 consequens
515 1904 532 1960 τ’
557 1905 631 1978 aut,
657 1887 682 1971 fi
702 1888 749 1965 ita
761 1914 831 1963 non
856 1887 1009 1982 refellas,
1030 1883 1115 1963 affe·-

143 2001 282 2079 rendum
297 1999 391 2071 estin
410 1999 611 2079 contrariam
625 2019 778 2096 partem,
799 2001 893 2099 quod
904 2000 944 2072 fit
954 2018 1012 2087 aut¹
1023 2026 1106 2100 -gra-

77 2113 239 2203 216Vi118,
259 2130 316 2185 aut
331 2136 434 2210 aeque
445 2135 555 2209 grave.
604 2111 659 2183 Illa
670 2130 798 2202 autem,
814 2137 898 2210 quae
916 2129 974 2185 aut
989 2117 1105 2195 conci·

140 2212 284 2304 larionis
304 2223 554 2311 causa'leniter,
585 2239 641 2301 aut
654 2222 873 2320 permotionis
893 2222 1106 2296 vehementer

120 2351 307 2433 aguntur,
334 2332 510 2407 contrariis
527 2331 812 2407 commotionibus
837 2329 1006 2405 efferenda
1019 2331 1105 2422 sunt,

142 2467 179 2517 ut
206 2443 289 2517 odio
316 2439 578 2531 benovolentia,
627 2436 851 2519 misericordia
884 2436 1013 2515 invidia
1037 2435 1103 2511 tol·
1135 2438 1139 2445 ’

141 2556 235 2631 latur.
388 2628 391 2633 ,
979 2604 984 2612 ·
1083 2568 1089 2577 ’

79 2686 124 2762 54
141 2664 144 2669 “
189 2668 304 2741 Suavis
315 2685 426 2743 autem
440 2664 511 2756 est,
541 2682 575 2738 et
591 2664 805 2751 ,vehementer
821 2662 924 2760 saepe
943 2659 1033 2735 utilis
1049 2660 1102 2733 io-

139 2805 222 2867 cus,
243 2796 278 2850 et
290 2777 444 2851 facetiae:
471 2804 575 2876 quac,
600 2778 805 2853 etiamsialia
818 2775 933 2851 omnia
952 2772 1039 2871 tradi
1053 2798 1103 2844 ar·

140 2906 172 2963 te
192 2888 340 2987 potsunt,
369 2908 503 2963 naturae
514 2890 588 2963 sunt
605 2889 742 2986 propria
756 2907 870 2977 certe‚·
884 2893 994 2984 neque
1005 2885 1101 2958 ullam

139 3017 242 3074 artem
264 2997 455 3074 desiderant.
518 3002 556 3072 In
575 2999 694 3098 quibus
719 3024 757 3075 tu
778 3001 878 3098 longe
900 3000 998 3089 aliis,
1031 3022 1103 3071 mea

139 3110 312 3201 sententia,
335 3100 479 3200 Caesar,
514 3109 667 3183 excellis:
693 3136 764 3210 quo
781 3112 885 3211 magis
905 3110 990 3183 mihi
1005 3110 1101 3182 etiam

82 3216 86 3221 ’
138 3218 225 3291 tellis
248 3220 313 3292 effe
341 3239 473 3318 potes,
525 3237 581 3292 aut
607 3218 728 3292 nullam
758 3218 822 3293 effe
859 3235 963 3291 artem
1003 3217 1102 3309 salisr

77 3368 88 3409 4
118 3346 217 3418 aut,
256 3331 281 3402 st
310 3331 463 3430 quaest,
491 3356 565 3411 eam
586 3354 649 3402 nos
674 3347 709 3402 tu
734 3327 941 3427 potissimum
955 3326 1102 3401 docebis«
1139 3382 1147 3425 4

72 3471 119 3522 ιη
137 3439 212 3537 Ego
229 3463 334 3531 vero,
361 3443 470 3541 inquit
483 3445 620 3534 Caesar,
641 3443 743 3515 'omni
755 3442 796 3515 de
810 3467 846 3514 re
863 3440 1004 3515 facetius
1020 3460 1102 3540 puto
1136 3538 1138 3544 Α

32 3579 33 3582 ’
136 3548 231 3648 polle
246 3550 288 3622 ab
306 3546 443 3643 homine
463 3577 535 3624 non
551 3553 739 3641 inurbano,
764 3578 866 3651 quam
889 3552 931 3624 de
954 3551 1032 3648 ipfis
1053 3552 1102 3625 fa·

136 3666 257 3754 cetiis,
292 3662 456 3760 disputari.
503 3669 646 3763 “Itaque
661 3691 739 3738 cum
768 3668 933 3765 quosdam
953 3670 1102 3745 Graecos

135 3776 308 3873 inscriptos
323 3773 427 3852 libros
451 3773 518 3854 use
538 3773 689 3852 vidissem
707 3777 749 3852 de
772 3778 944 3872 ridiculis,
961 3779 1104 3866 nonntd·
