2302 4304
96 283 220 353 ·162
408 276 917 369 Deounrone
1000 242 1004 249 ’

148 441 241 530 lens,
259 439 384 531 etilo,
402 438 494 536 quod
508 438 543 511 in
556 442 776 538 perpetuitate
786 441 948 518 sermonis
959 499 971 536 ‚
983 463 1018 519 et
1029 446 1108 537 hoc,

83 598 129 649 m
148 559 242 656 quod
264 558 298 629 in
324 545 487 630 celeritate
506 574 604 653 arque
623 558 713 631 diuo
734 556 790 632 est.
818 561 905 632 Nam
925 562 1008 634 haec
1031 586 1108 658 per·

146 692 245 765 petua
280 691 397 741 contra
427 668 620 742 Scaeuolam
649 672 793 745 Curiana
829 673 1008 765 defenfi0,
1038 690 1114 753 tota.

71 852 75 859 ,
146 777 346 851 redundavit
379 776 539 849 hilaritate
575 780 717 875 quadam
750 803 784 854 er
811 781 917 869 ioc03
946 783 1108 856 dinaessla

146 890 263 965 brevia
280 880 353 963 non
372 889 497 962 habuir
539 892 696 965 Parcebat
723 891 810 964 enim
839 891 1018 967 adversarii
1036 893 1108 992 dig·

145 1008 265 1080 nitati:
291 1006 326 1078 in
356 1030 425 1105 quo
452 1003 521 1103 ipse
543 1005 694 1081 servabar
712 1007 827 1097 suanm
855 1013 951 1108 quod
977 1011 1025 1086 est
1045 1011 1108 1083 bo-

144 1119 287 1193 minibus
296 1117 409 1194 facetis
422 1137 455 1192 er
468 1118 636 1194 dicacibus
648 1119 893 1213 difficillimum,
906 1123 1030 1196 habere
1043 1123 1107 1195 ho·

79 1253 81 1261 ’
144 1233 272 1306 minum
286 1234 449 1304 rationem
470 1246 503 1301 et
519 1249 732 1327 temporum,
748 1245 782 1301 et
802 1252 861 1316 ea,
883 1253 969 1327 quae
989 1253 1108 1304 occur·

142 1357 239 1432 rant,
268 1362 345 1410 cum
376 1333 536 1409 salsrffime
567 1336 632 1408 dici
658 1334 805 1432 pollmt,
828 1357 952 1410 tenere.
994 1341 1136 1437 ltaque·

143 1445 293 1518 nonnulli
312 1443 442 1516 ridiculi
464 1443 616 1518 homines
635 1443 703 1515 hoc'
717 1442 823 1540 ipsum
837 1469 906 1516 non
926 1443 1107 1520 insuusein·

97 1587 127 1623 22
143 1567 373 1648 terpretantur.
427 1552 553 1623 Dicere
585 1551 674 1623 enim
704 1553 795 1626 aiunt
817 1553 987 1644 Ennium,
1005 1559 1107 1656 flam-

143 1691 228 1736 mam
256 1691 277 1732 a
306 1663 452 1755 sapiente
475 1662 610 1754 facilius
646 1688 696 1732 ore
730 1666 767 1751 in
793 1668 916 1734 ardente
949 1669 1107 1761 opprimi,

27 1760 30 1767 ¹
143 1803 238 1868 quam
267 1781 350 1848 bona
371 1776 454 1847 diaa
480 1798 607 1846 teneat:
636 1771 719 1845 haec
738 1772 860 1846 scilicet
884 1774 975 1846 bona
998 1777 1105 1864 diua,

143 1907 228 1980 quae
254 1884 330 1957 salsa
356 1884 427 1957 smt.
454 1908 532 1955 narn
560 1907 599 1954 ea
627 1880 711 1953 dien
733 1879 935 1977 appellantur
965 1883 1108 1981 proprio

82 1994 122 2092 '55
144 1991 209 2064 iarn
247 1995 393 2066 nomine.
428 1995 492 2066 Sed
528 2013 566 2065 ut
596 1993 631 2064 in
654 1992 847 2065 Scaevolam
878 1995 1045 2067 continuit
1071 2020 1106 2069 ee

144 2101 299 2189 Craffirs,
331 2120 429 2207 arque
460 2102 519 2174 illo
553 2103 657 2174 altero
688 2125 838 2199 genere,
868 2101 903 2173 in
930 2126 1001 2200 quo
1027 2104 1107 2177 nulli

144 2212 248 2284 aerlei
262 2212 538 2287 contumeliarum
562 2210 712 2297 inerant,
739 2207 866 2280 causam
891 2208 980 2280 illam
1000 2211 1108 2308 dispu-

90 2414 95 2419 .
142 2324 371 2423 rationemque
389 2322 492 2396 lusit:
515 2321 558 2393 fic
574 2320 608 2390 in
630 2320 759 2407 Bruto,
784 2340 884 2414 quern
910 2319 1050 2411 oderat,
1073 2338 1107 2393 et

69 2496 72 2501 .
143 2460 245 2531 quem
273 2436 414 2534 dignum
434 2430 633 2508 contumelia
662 2428 851 2519 iudicabat,
876 2446 1024 2528 utroque
1046 2457 1106 2531 ge·

77 2572 123 2627 223
143 2569 222 2616 nere
248 2547 421 2642 pugnavit.
454 2547 567 2636 Quam
589 2539 691 2616 multa
709 2539 750 2610 de
771 2539 917 2631 balneis,
942 2564 1025 2641 quas
1045 2570 1107 2616 nu·

142 2681 202 2752 per
228 2655 281 2727 ille
305 2655 501 2728 vendiderat
515 2663 532 2743 ,’
551 2678 650 2750 quam
680 2652 782 2724 multa
797 2651 840 2725 de
857 2652 977 2726 ¹amisso
1001 2656 1105 2752 patri-

142 2767 262 2840 monio
281 2765 389 2839 dixit?
415 2784 513 2862 arque
534 2765 587 2836 illa
604 2764 742 2838 brevia:
774 2788 850 2837 cum
873 2764 926 2838 ille
957 2766 1105 2858 dicerer,
1133 2770 1135 2775 ’

133 2881 173 2974 se
186 2879 259 2978 stne
276 2879 370 2970 causa
380 2879 526 2970 sudare5
549 2876 684 2944 Minime
707 2879 840 2970 mirum,
864 2873 984 2972 inquit.
1015 2879 1106 2945 modo

143 2992 226 3063 enim
248 2989 338 3089 existi
362 2990 398 3059 dc
433 2987 564 3055 balneis.
597 2983 848 3072 Innumerabilia
878 2981 1105 3059 huiuscemodi

143 3093 299 3186 fuerunt,
312 3094 367 3168 sed
390 3118 460 3166 non
483 3092 591 3165 minus
605 3090 747 3164 iucunda
761 3090 818 3164 illa·
826 3112 997 3192 perpetua.
1017 3092 1104 3165 Cum

144 3207 234 3278 enim
261 3208 379 3280 Brutus
404 3205 487 3276 duos
511 3202 649 3275 leeores
673 3200 842 3290 excitaffet
854 3198 875 3288 ,'
893 3218 928 3272 et
949 3201 1044 3275 alteri
1064 3201 1104 3275 de

143 3317 280 3394 colonia
300 3313 506 3389 Narbonensi
527 3312 632 3386 Craffi
650 3303 838 3385 orationem
857 3309 1031 3411 legendam
1045 3313 1105 3385 de-

144 3426 349 3516 disser‚alteri
359 3428 399 3499 de
412 3427 482 3525 lege
492 3424 642 3514 Servilia,
651 3441 685 3497 et
695 3420 946 3497 cumcontnaria
957 3414 1044 3495 inter
1053 3421 1104 3519 se·

144 3536 178 3611 fe
190 3539 231 3610 de
243 3533 409 3632 republica
422 3533 529 3630 capita
541 3531 745 3620 conrubffet3
759 3529 870 3604 noller
882 3529 937 3603 bic
949 3528 1106 3604 facetiffi·

146 3675 200 3722 me
213 3669 279 3722 tres
289 3646 388 3744 patris
397 3647 487 3718 Bruti
499 3645 540 3718 de
553 3644 625 3717 iure
638 3639 981 3735 ciuililibellosrribus
992 3643 1106 3744 legen·

81 3784 129 3838 ²24
146 3758 208 3832 dos
219 3757 321 3834 dedit.
343 3759 395 3831 Ex
411 3751 644 3854 libro'primo,
664 3771 943 3844 ronrnevrurr
956 3804 969 3846 ‚
983 3772 1038 3827 υτ
1064 3768 1104 3824 1n
