2302 4304
314 365 322 381 .
373 238 624 375 'MBRR
671 300 724 379 ll.
966 323 1032 403 173

93 463 283 537 rontinenu·
312 461 407 560 quod
433 463 566 543 mutatis
588 463 700 538 verbis
719 460 817 536 salem
831 464 1033 557 amittit,
999 466 1007 481 '

42 575 204 667 uerbis
208 575 307 648 habet
319 574 468 671 leporem
480 585 625 649 omne'm.

33 744 38 763 ,
124 685 293 782 Ambigua
317 682 427 757 sunt
418 709 453 755 m
487 684 602 781 primis
619 700 740 810 acuta,
766 705 864 783 atque
877 684 913 758 in
929 687 1066 762 verbor
1051 717 1098 771 ²53

78 795 209 893 pofita,
233 819 305 867 non
321 793 357 865 in
379 819 435 866 re:
464 794 520 868 sed
543 821 612 868 non
640 775 733 892 saepe
754 821 911 894 magnum
935 797 1037 871 risum

76 921 241 977 movent:
255 903 421 1002 magisque
432 920 469 977 ut
479 901 562 979 belle
572 922 606 977 et
616 906 740 978 hterate
753 905 838 976 dieta
849 903 1037 980 laudantur

75 1032 115 1086 ut
134 1015 171 1085 in
190 1010 284 1086 illurn
293 1014 447 1104 Titium,
472 1040 599 1113 quem,
630 1039 707 1086 cum
735 1013 879 1088 studiose
902 1014 968 1112 pila
985 1019 1039 1092 lu·

76 1125 198 1217 deret,
222 1142 256 1196 et
280 1125 369 1195 idem
390 1123 479 1220 figna
499 1124 595 1198 'sacra
611 1125 712 1195 noslu
737 1122 887 1221 frangere
909 1150 1040 1222 putare·

75 1253 164 1322 tur,
188 1232 420 1331 gregalesque,
451 1255 530 1305 curn
553 1232 589 1302 in
610 1253 764 1328 campum
791 1220 863 1311 non
876 1232 1040 1325 venisset,

77 1345 315 1443 requirerent,
355 1345 524 1421 excusavit
562 1345 671 1442 Vespa
700 1344 903 1436 Terentius,
945 1348 1040 1445 quod

79 1481 163 1555 eum
183 1460 336 1528 brachium
355 1455 481 1555 fugzffi
502 1455 654 1528 diceret:
694 1471 731 1528 ut
755 1455 837 1529 illud
863 1453 1041 1547 Africani,

78 1566 178 1665 quod
199 1565 246 1637 est
265 1567 353 1664 apud
370 1566 554 1639 Lucilium:

136 1681 230 1773 Quid
239 1680 259 1747 d
284 1680 431 1766 Decius,
458 1679 618 1747 Nuculam
641 1703 685 1746 an
701 1675 861 1766 confixum
882 1682 933 1749 uis
949 1677 1042 1769 faer-

650 1787 714 1855 νε.)
739 1788 854 1879 iuquit.
882 1782 904 1824 Ὗ

82 1899 132 1968 Ut
155 1915 233 1966 tuus
256 1890 399 1981 amicus,
423 1888 556 1981 Crasse,
574 1881 741 1981 Granius,
764 1919 831 1964 uon
844 1889 1043 1991 effisexran·
1115 1950 1118 1959 .

81 2009 138 2076 tis.
187 2005 249 2088 Et,
276 2000 480 2099 liquaeritis,
505 2001 554 2090 is,
570 2000 628 2098 qui
647 2000 828 2101 appellatur
841 2002 958 2094 dicas,
975 2003 1043 2078 hoc
1060 2022 1109 2075 254

84 2139 205 2213 genere
219 2114 362 2185 maxime
377 2112 528 2185 excellet:
556 2111 612 2185 sed
630 2112 709 2185 risus
730 2132 871 2186 movent
892 2115 954 2186 alia
973 2141 1046 2188 ma-

84 2228 183 2300 iores.
209 2224 410 2321 Ambiguum
429 2248 489 2320 per
503 2223 535 2296 se
549 2223 656 2319 ipsum
669 2224 829 2320 probatur
847 2225 882 2296 id
896 2224 1045 2320 quidem,

86 2355 124 2406 ut
136 2353 212 2406 ante
227 2330 320 2424 dixi,
346 2333 400 2405 vel
424 2333 584 2402 maxime:
606 2330 764 2426 ingeniofi
780 2332 868 2425 enim
888 2331 1047 2423 videtur,

87 2443 159 2515 vim
175 2441 274 2516 verbi
297 2441 332 2511 in
356 2440 465 2528 aliud,
492 2457 588 2535 atque
616 2439 716 2509 ceteri
742 2439 931 2534 accipiant,
954 2440 1048 2537 posse
1140 2498 1143 2504 .

88 2551 230 2623 ducere:
254 2549 310 2621 sed
323 2548 575 2621 admirationem
596 2547 720 2643 magis,
740 2572 840 2645 quam
857 2548 955 2622 risum
965 2576 1043 2624 mo-

87 2679 168 2746 vet,
197 2654 259 2725 nisr
279 2653 304 2724 sr
325 2655 459 2753 quando
478 2649 594 2723 incidit
618 2652 653 2722 in
669 2652 757 2724 aliud
773 2679 877 2752 genus
905 2657 1046 2733 ridiculi.
1082 2672 1092 2699 ·

89 2773 185 2864 Quae
209 2794 328 2868 genera
357 2793 548 2865 percurram
571 2768 753 2877 equidem:
786 2768 840 2840 sed
866 2770 953 2843 scitis
984 2771 1047 2846 esse
1065 2764 1109 2859 63

90 2881 295 2954 notissimum
317 2880 446 2979 ridiculi
459 2905 583 2976 genus,
605 2906 683 2953 cum
703 2881 791 2952 aliud
814 2880 1110 2980 exspectaturum

90 2989 178 3060 aliud
191 2988 322 3085 dicintr
372 2974 436 3060 llic
455 2965 693 3086 nobismetipsis
715 2986 824 3061 noster
835 3015 930 3062 error
949 2991 1050 3063 risum

90 3113 225 3172 movet
237 3072 348 3190 Quod
366 3096 583 3169 fiadmimm
598 3098 644 3170 esl
658 3099 757 3170 etiam
769 3100 990 3198 ambiguum,
1013 3100 1051 3174 fit

90 3209 216 3301 salsius:
243 3227 281 3280 ut
294 3209 381 3303 apud
393 3209 556 3296 Naevium
570 3209 702 3282 videtur
719 3211 782 3283 elle
802 3212 987 3288 misericors
1007 3218 1050 3290 il·

59 3312 144 3421 ite,
177 3319 237 3416 qui
262 3320 460 3405 iudicatum
472 3320 552 3393 duci
582 3322 720 3413 videns,
751 3343 966 3421 percontatur
979 3331 1051 3421 ita,

97 3435 224 3526 Quanti
245 3435 413 3506 udaiaus?
436 3439 519 3505 mzlu
530 3461 701 3506 nummum
749 3437 783 3506 Si
804 3437 974 3512 addidisset
986 3462 1053 3514 tan

96 3539 322 3634 commodo,
326 3550 454 3618 Duras
467 3552 563 3618 licet·
547 3601 561 3634 ,
597 3544 675 3620 esset
688 3549 773 3621 illud
794 3576 895 3648 genus
920 3552 1052 3625 ridiculi

98 3669 226 3746 praeter
256 3653 551 3750 exspeslationem:
589 3656 643 3728 sed
669 3659 745 3755 quia
774 3661 924 3749 addidit,
958 3662 1061 3732 Nilu'l

101 3763 202 3851 mdo,
222 3766 320 3859 duom
344 3767 437 3835 [55555
464 3765 579 3841 addito
593 3767 771 3872 anrbigup,
795 3769 904 3844 altero
931 3792 1052 3875 genero

863 4100 867 4110 '
976 4108 1007 4173 J
