2302 4304
131 303 177 371 p
360 248 905 359 neonnroue·

129 466 235 539 prope
258 438 457 539 poetarum,
480 447 641 520 memoria
663 445 988 539 iurisconsultorum,
1012 470 1087 524 vox
1125 458 1129 469 '

130 557 394 652 tragoedorum,
420 557 526 658 gestus
546 580 651 656 paene
661 559 863 632 summorum
881 560 1031 632 edorum
1040 561 1088 637 est

130 670 353 783 requirendus.
403 672 631 765 Quamobrem
658 660 775 742 nihil
766 696 800 741 ιιι
826 671 999 743 hominum
1027 698 1087 772 ge·

129 800 207 847 nere
228 779 332 852 rarius
357 779 506 876 perfedto
537 797 672 851 oratore
694 777 838 851 inveniri
860 778 975 875 potest
1001 805 1089 878 quae

129 888 216 959 enim
240 888 434 994 singtdamm
449 914 559 961 rerum
577 886 717 960 artifices
734 886 892 985 fingulafi
908 887 1089 962 mediocri·

128 1019 179 1071 ter
201 1001 311 1098 adepti
335 1000 432 1088 sunt,
458 1001 666 1097 probantur,
694 1023 753 1091 ea,
783 1000 841 1072 nist
864 1002 977 1074 omnia
994 1002 1100 1095 sum-p

127 1110 267 1182 malunt
290 1111 324 1181 in
350 1132 507 1197 oratore,
532 1111 666 1207 probari
689 1136 758 1183 non
777 1111 918 1207 poliunt.

64 1264 110 1317 ¹29
175 1222 265 1292 Tum
279 1219 432 1312 Crassus,
462 1223 565 1320 Atqui
593 1223 692 1310 vide,
722 1223 850 1320 inquit,
883 1223 918 1294 in
944 1221 1090 1296 artificio

127 1356 285 1428 perquam
308 1331 399 1404 renui
421 1351 454 1407 et
472 1333 563 1419 levi,
587 1354 712 1431 quanto
734 1335 806 1433 plus
825 1336 1017 1408 adhibeatur
1033 1337 1089 1410 di:

126 1440 305 1538 ligentiae,
329 1466 429 1539 quarn
456 1443 491 1514 in
517 1442 578 1515 hac
593 1467 651 1532 re,
675 1468 775 1542 quam
799 1445 924 1518 constat
937 1444 1089 1520 ellema-

127 1548 264 1621 ximam.
314 1551 416 1647 Saepe
438 1550 527 1624 enim
557 1551 648 1626 soleo
673 1553 784 1625 audire
807 1553 984 1646 Roscium,
1010 1583 1088 1630 cunr

126 1659 173 1732 ita
203 1660 315 1752 dicat,
361 1652 395 1735 se
422 1664 528 1737 adhuc
560 1664 704 1760 reperire
730 1663 950 1760 discipulum,
986 1690 1088 1762 quem

127 1771 261 1869 quidem
298 1773 480 1870 probaret,
518 1775 659 1871 potuille
685 1775 881 1846 neminem:
920 1800 989 1847 non
1017 1779 1108 1874 quo'

127 1906 198 1953 non
231 1881 334 1954 ersenr
356 1883 490 1991 quidam
515 1884 733 2008 probabiles,
773 1882 828 1954 sed
846 1882 947 1980 quia,
973 1881 1088 1955 stali-

127 1990 210 2088 quid
234 1991 339 2062 modo
363 1990 443 2064 effer
462 1993 571 2084 vitii,
609 1995 644 2066 id
666 1993 753 2066 ferre
779 1992 850 2090 ipse
876 2017 946 2065 non
969 1994 1091 2088 pollet.

128 2101 223 2189 Nihil
251 2102 298 2175 est
312 2104 400 2175 enirn
414 2121 481 2177 tam
492 2105 640 2204 infigne,
671 2124 812 2178 nectam
826 2104 868 2175 ad
887 2102 1088 2178 diuturnita-

127 2233 197 2288 tem
221 2215 402 2288 memoriae
422 2214 554 2306 stabile,
600 2241 699 2314 quam
719 2215 779 2304 id,
814 2215 848 2286 in
875 2238 944 2311 quo
964 2214 1090 2312 aliquid

64 2345 110 2410 ι3ο
95 2325 317 2402 ooffenderis
354 2329 477 2424 ltaque
495 2345 533 2401 ut
558 2330 601 2401 ad
626 2329 712 2401 hanc
734 2269 976 2398 firirilirudinem
991 2326 1091 2402 huius

19 2527 22 2534 ,
115 2425 318 2523 histrionis,
341 2434 523 2508 oratoriam
551 2436 684 2509 laudem
703 2436 904 2532 dirigamus
950 2431 1090 2508 videtis-

127 2566 195 2627 ne,
217 2567 317 2639 quam
331 2540 413 2612 ιιι1ιι1
425 2541 466 2612 ab
483 2567 550 2628 eo,
574 2542 634 2614 nili
650 2540 821 2639 perfedle,
843 2540 924 2611 nihil
938 2540 996 2610 nifi
1011 2567 1089 2615 cum

100 2670 105 2679 ·
128 2647 254 2743 summa
272 2649 443 2724 venrdlate
456 2650 544 2723 fiat?
572 2654 654 2725 nihil
672 2651 815 2743 nisum,
838 2671 875 2726 ut
893 2655 1030 2743 deceat,
1054 2675 1090 2730 et

127 2760 177 2833 uti
191 2786 307 2833 omnes
325 2764 462 2836 moueat
484 2771 582 2859 atque
608 2765 773 2838 deletletl
800 2769 912 2863 Itaque
925 2765 991 2838 hoc
1021 2765 1089 2838 iam

127 2870 186 2943 diu
203 2869 250 2944 est
270 2869 489 2961 consecutus,
522 2891 584 2962 ut,
627 2874 662 2944 in
684 2900 752 2972 quo
783 2875 920 2973 quisque
944 2873 1090 2947 artificio

128 2981 327 3072 excelleret,
352 2981 428 3055 isin
441 2980 500 3055 suo
515 3008 633 3081 genere
647 2984 786 3057 Roscius
800 2985 971 3058 diceretur.
990 2985 1088 3057 Hanc

127 3116 194 3190 ego
216 3094 455 3170 absolutionem
478 3094 781 3195 perfellionemque
794 3098 978 3167 inoratore
1006 3093 1089 3165 defi-

126 3203 269 3290 derans,
294 3230 315 3276 a
335 3229 400 3302 qua
421 3203 490 3300 ipse
503 3204 603 3303 longe
626 3205 764 3295 absum,
800 3203 889 3277 facio
910 3202 1088 3298 impuden-

127 3328 197 3388 terr·
221 3312 304 3385 mihi
329 3313 418 3386 enim
432 3314 516 3389 volo
538 3314 688 3412 ignosci,
713 3315 830 3388 cereris
850 3312 917 3409 ipse
942 3336 1013 3385 non
1035 3312 1089 3410 ig-

127 3423 242 3497 nosco.
290 3427 377 3497 Nam
405 3425 462 3524 qui
498 3451 569 3497 non
595 3424 716 3522 potest,
751 3423 810 3520 qui
833 3419 954 3496 vitiose
985 3420 1090 3512 facit,

127 3556 227 3629 quem
259 3532 402 3631 denique
435 3558 504 3606 non
536 3536 653 3617 decet,
688 3531 776 3604 hunc
810 3527 864 3627 (ut
890 3526 1090 3632 Apollonius

127 3637 280 3740 iubebat)
304 3640 423 3732 adid,
446 3640 539 3742 quod
564 3637 673 3715 facere
683 3638 815 3738 poffit
846 3635 1089 3712 detrudendum

128 3776 221 3850 puto.

878 4014 899 4096 1
924 4092 932 4109 .
