2302 4304
347 285 571 359 ttnau
618 291 696 363 tu.
894 317 1006 391 „237

50 442 306 535 meinamicus,
333 447 391 544 qui
413 473 489 520 cum
512 449 666 521 Panaetio
683 450 793 538 vixit,
829 457 876 526 M.
892 455 1008 552 Vign-
1076 442 1080 447 ’

50 559 146 650 lius,
192 560 234 632 de
249 559 385 634 'virtute
409 559 583 649 hominum
609 563 713 635 Stoici
739 563 859 658 possunt
876 568 1010 658 dicere,

40 694 117 766 ¹qua
131 671 169 742 in
182 669 399 766 disputatione
424 694 488 768 ego
512 658 561 744 hii
590 673 755 764 debeam,
789 696 845 747 aut
867 677 1008 750 vestrum

52 777 228 881 quisquam
239 782 449 856 concedere?
475 786 556 856 Non
577 783 623 855 est
649 786 737 857 enim
751 787 1011 884 philosophia-sr-
1032 809 1064 871 79

52 896 141 968 milis
159 895 278 968 artium
294 895 504 992 reliquarum.
528 921 605 968 nam
615 882 695 993 quid
712 895 811 970 saciet
825 896 861 968 in
879 923 1013 996 geome-

51 1006 139 1094 tria,
166 1008 225 1105 qui
244 1024 315 1079 non
340 1005 521 1078 didicerit?
546 1006 628 1104 quid
650 1004 684 1076 in
707 1006 864 1079 musicis?
890 1027 947 1080 aut
964 1028 1014 1079 ta·

53 1136 130 1190 ceat
145 1118 336 1216 oportebit,
356 1139 413 1189 aut
424 1116 567 1197 tresanus
581 1115 716 1213 quidem
727 1117 898 1191 iudicetur.
923 1121 1014 1192 Haec

53 1248 166 1310 vero,
191 1248 273 1322 quae
286 1222 362 1296 sunt
378 1223 413 1295 in
432 1221 639 1321 philosophia
653 1277 677 1318 ,Ι
691 1224 830 1322 ingeniis
844 1244 1014 1315 erutmtur',

55 1337 173 1421 adid,
198 1336 286 1434 quod
299 1335 334 1407 in
357 1359 491 1434 quoque
516 1334 691 1408 verisimile
717 1335 787 1425 est,
805 1336 1013 1429 eliciendum,

56 1443 166 1516 acutis
190 1460 283 1541 atque
300 1444 446 1533 acribus,
471 1468 574 1540 eaque
596 1445 769 1518 exercitata
786 1444 938 1521 oratione
947 1476 1015 1546 po-

56 1553 192 1626 liuntur.
241 1553 305 1624 Hic
333 1551 442 1624 noster
463 1552 607 1649 vulgaris
623 1571 759 1642 orator,
788 1555 812 1625 fi
832 1557 942 1630 minus
954 1558 1016 1630 erit

57 1661 192 1753 dodau,
218 1673 364 1732 attamen
390 1661 426 1732 in
451 1660 597 1734 dicendo
613 1662 835 1753 exercitatus,
870 1666 930 1739 hac
949 1668 1016 1764 ipsa

56 1773 295 1864 exercitatione
312 1771 523 1876 communi,
560 1770 638 1843 istos
669 1773 803 1869 quidem
833 1773 1015 1876 [nostros]

60 1881 276 1972 verberabit,
315 1905 420 1978 neque
449 1879 482 1952 se
504 1880 545 1952 ab
574 1881 613 1953 iis
636 1885 802 1956 contemni
832 1911 871 1959 ac
897 1888 1017 1985 despici

59 1996 151 2091 sinet.
178 1994 234 2065 Sin
251 1993 366 2090 aliquis
375 1991 533 2065 exstiterit
546 1993 742 2091 aliquando,
756 1997 813 2094 qui
826 1999 1016 2073 Aristotelio
1041 2015 1071 2064 20

54 2128 158 2185 ¹more
194 2102 236 2173 de
256 2100 411 2173 omnibus
438 2101 536 2172 rebus
565 2102 599 2171 in
625 2120 799 2197 utramque
827 2102 1017 2178 sententiam
1069 2184 1072 2197 ,

61 2210 164 2309 possit
186 2210 320 2297 dicere,
343 2227 375 2279 et
399 2208 433 2278 in
449 2208 544 2279 omni
561 2207 655 2280 causa
673 2210 751 2278 duas
770 2211 951 2282 contrarias
978 2238 1018 2284 o·

62 2323 232 2417 rationes,
259 2320 440 2420 praeceptis
456 2320 539 2389 illius
553 2318 723 2413 cognitis,
750 2317 930 2411 explicare,
965 2344 1019 2395 aut

63 2433 131 2503 hoc
143 2427 302 2509 Arcefilae
315 2428 443 2516 rhodo,
467 2449 501 2498 et
515 2426 722 2515 Carneadis,
753 2441 869 2496 contra
894 2453 1019 2523 omne,

64 2524 157 2642 ¹epmd
177 2541 380 2639 proposition
393 2539 450 2628 s1t,
486 2535 638 2621 differat3
663 2535 786 2633 quique
808 2536 936 2610 adeam
964 2568 1019 2615 ra·

64 2656 194 2729 tionem
219 2655 373 2753 adiungat
400 2652 488 2723 hunc
513 2649 717 2721 rhetoricum
742 2649 850 2748 usian,
877 2675 1020 2729 morem·

65 2795 133 2868 que
158 2769 495 2863 exercitationemque
524 2762 685 2853 dicendi,
727 2762 754 2836 is
785 2762 960 2858 fitverus,
993 2772 1022 2847 is
1061 2794 1069 2803 ·

38 2886 41 2890 ’
66 2879 256 2977 perscitus,
273 2877 301 2959 is
321 2877 408 2950 solus
431 2897 557 2948 orator.
606 2875 692 2946 Nam
705 2898 812 2973 neque
827 2874 893 2949 sme
906 2876 1021 2954 foren-

66 2988 155 3060 sibus
179 2988 290 3064 nervis
314 2985 387 3059 satis
403 2981 608 3087 vehemens,
635 3003 668 3055 et
687 2985 831 3081 gravis,
863 3005 924 3059 nec
954 2991 1022 3063 sine

66 3099 229 3182 varietate
249 3096 501 3178 dodrinaesatis
523 3096 644 3193 politus
662 3117 695 3197 et
717 3096 841 3191 sapiens
857 3098 921 3168 effe
946 3124 1022 3173 ora·
1073 3151 1076 3160 ·

66 3234 125 3284 tor
144 3211 262 3306 potest.
283 3231 290 3303 'j
310 3215 423 3305 Quare
433 3262 441 3280 ·.
448 3198 612 3283 Cotacem
635 3208 729 3280 istum
753 3209 898 3285 vestrum
916 3216 1021 3308 patia-
1044 3233 1072 3284 ει

67 3346 148 3392 mur.
170 3345 232 3392 nos
264 3321 397 3419 quidem
431 3322 537 3418 pulsos
560 3320 635 3392 suos
654 3320 827 3416 excludere
854 3322 887 3392 in
916 3327 1021 3419 nido,

69 3430 130 3528 qui
147 3431 307 3520 evolent,
332 3433 524 3513 clamatores
541 3428 646 3513 odiosi
672 3454 710 3499 ac
732 3429 885 3516 molesti3
923 3435 1021 3504 Pam-

68 3533 268 3639 philumque.
282 3543 394 3615 nescio
421 3565 519 3638 quem
539 3537 691 3629 ‘finamus
708 3536 743 3607 in
765 3536 875 3611 infulis
899 3559 1021 3613 tantam
1112 3613 1116 3622 ,

66 3680 167 3744 rem,
184 3673 342 3754 tanquam
353 3653 640 3753 puerilesdelic'ias
664 3650 805 3747 aliquas,
833 3652 1021 3747 depingere:

68 3792 202 3869 nosque
216 3767 276 3867 ipsi
299 3768 362 3865 hac
381 3786 449 3842 tam
465 3760 582 3861 exigua
592 3760 806 3858 disputatione
831 3757 969 3832 hesterni
991 3778 1024 3853 et
