2302 4304
127 293 197 388 436
444 288 538 362 O’R
562 286 593 358 A
616 287 649 358 T
673 288 708 358 Ο
732 287 775 358 R.

125 452 322 524 verborum.
367 450 529 522 Ornatus
554 466 663 521 autem
691 426 909 538 'uerbontm3-
935 451 1069 566 duplex:

129 583 215 631 unus
251 559 478 656 fimplicium,
513 559 593 631 alter
632 559 886 641 collocatorum.
935 562 1070 660 Simplex

128 671 290 767 probanu
328 671 362 742 in
391 669 535 767 propriis
572 668 755 768 usitatisque
795 671 942 759 verbis,
987 670 1071 769 quod

128 801 186 855 aut
204 782 330 879 optime
351 781 464 871 sonat,
486 798 541 853 aut
553 807 625 853 rem
645 781 787 853 maxime
805 781 976 879 explanat:
989 782 1074 853 ‘ina-
1116 798 1123 875 ἦ

63 909 69 921 ·
127 890 245 982 lienis,
266 891 543 982 auttrmslanm,
566 909 600 964 et
622 890 764 964 sumtum
778 888 936 984 alicnde,
956 913 992 967 ut
1011 919 1076 967 mu
1121 895 1123 901 ’

128 1016 210 1087 tuo;
235 1023 290 1073 aut
304 1000 423 1074 sadum
439 1002 481 1074 ab
498 1001 591 1098 ips03
616 1018 671 1073 aut
691 1025 841 1088 novum3
864 1022 923 1076 aut
942 1001 1077 1099 priscum

127 1112 373 1187 etinufitatum.
396 1111 571 1184 Sedetiam
584 1110 749 1197 inusitata,
772 1135 810 1185 ac
829 1112 955 1209 prisca,
968 1111 1078 1185 suntin

76 1239 110 1292 st
128 1223 300 1321 propriis,
321 1221 382 1295 nisi
400 1223 494 1322 quod
517 1247 594 1295 raro
611 1222 746 1294 utimur.
776 1222 955 1295 Collocata
977 1240 1079 1294 autem

125 1333 231 1410 verba
247 1332 369 1404 habent
386 1349 565 1422 ornatum,
589 1332 614 1402 st
630 1333 752 1431 aliquid
765 1334 1000 1410 concinnitatis
1013 1336 1080 1409 effi·
1121 1358 1123 1377 ¹

122 1440 243 1532 cium,
265 1441 358 1538 quod
380 1441 493 1515 verbis
510 1441 640 1514 mutatis
658 1468 729 1515 non
751 1463 906 1532 maneat,
935 1468 1081 1520 manente

127 1548 296 1625 sententia.
332 1549 421 1621 Nam
435 1548 669 1625 sententiarum
683 1570 899 1642 ornamenta,
917 1580 1003 1652 quae
1014 1539 1082 1652 per·

127 1676 283 1747 manent,
303 1658 429 1734 etiarnfi
442 1660 544 1735 verba
565 1661 768 1749 mutaveris,
790 1659 864 1732 sunt
885 1662 942 1735 illa
955 1665 1081 1763 quidem
1120 1659 1123 1665 ’

127 1771 311 1870 permulta,
325 1766 405 1862 'sed‚
429 1795 514 1868 quae
530 1770 718 1859 emineant,
738 1771 908 1866 pauciora
937 1778 1025 1872 Ergo
1035 1774 1081 1846 illc
1119 1839 1122 1845 .

127 1883 395 1971 remunerator,
420 1879 528 1977 'modo
546 1879 586 1953 fit
612 1879 762 1977 elegans,
789 1904 852 1951 nec
872 1881 917 1952 in·
932 1881 1082 1954 faciendis
1121 1934 1123 1973 ;

129 1992 242 2068 verbis
266 1993 330 2065 erit
354 1994 487 2082 audax,
507 2010 542 2065 et
563 1991 598 2064 in
611 1990 840 2064 transferendis
861 1994 1082 2081 verecundus,
1120 1990 1123 2083 ξ

129 2123 164 2179 et
176 2129 292 2205 parcus
317 2103 354 2176 in
375 2103 507 2202 priscis,
529 2101 729 2198 reiiquisque
749 2101 1081 2176 ornamentisetver-

130 2212 253 2287 borum
272 2229 307 2286 et
318 2210 551 2286 sententiarum
568 2209 759 2282 demiffior:
790 2208 1003 2282 translatione
1016 2209 1081 2283 for·

126 2322 402 2419 ,taffecrebriom
426 2347 491 2421 qua
517 2318 773 2418 frequentiffime
797 2317 909 2394 sermo
925 2323 1081 2395 omnisu

128 2433 210 2506 titur
223 2457 294 2505 non
317 2431 424 2504 modo
436 2429 658 2518 urbanorum,
684 2428 737 2499 sed
759 2428 861 2500 etiam
878 2428 1084 2518 rusticorum:

128 2542 289 2640 siquidem
304 2542 351 2614 est
363 2566 503 2632 eorum,
526 2570 678 2639 gemmare
690 2543 768 2614 nites
777 2543 885 2640 ,fitire
898 2572 1013 2641 agros,
1025 2552 1080 2616 lae·

77 2662 110 2722 22
128 2674 180 2722 tas
197 2650 252 2747 effe
255 2651 369 2745 segetes
374 2706 387 2739 ,
409 2653 572 2744 hauriosa
586 2653 759 2744 frumenta.
784 2651 876 2723 Nihil
890 2652 1015 2748 hortun
1028 2678 1080 2752 pa·

126 2780 201 2831 rum
216 2759 392 2850 audauer,
418 2761 474 2834 sed
501 2784 557 2835 aut
570 2760 729 2834 fimileest
742 2761 812 2850 illi,
839 2764 1080 2838 unde'transse·

126 2882 197 2942 tas:
222 2886 301 2958 aut,
325 2869 414 2942 sires
430 2870 523 2942 suum
536 2871 771 2943 nullumhabet
784 2894 933 2962 nomen,
958 2875 1079 2947 docen-

125 2974 161 3049 di
174 2977 268 3052 causa
279 2977 443 3064 sumtum,
464 2972 534 3050 non
547 2979 707 3071 ludendi,
735 2979 876 3053 videtur.
902 2978 982 3056 Hoc
996 3007 1079 3055 orna

126 3109 242 3163 mento
254 3088 387 3165 liberius
398 3088 519 3185 paulo,
539 3104 636 3188 quam
653 3091 789 3179 ceteris,
810 3107 922 3163 utenrr
938 3090 1079 3166 hiesum

125 3200 266 3275 missus:
306 3228 368 3278 nec
394 3220 461 3275 tam
488 3201 626 3276 licenter
650 3219 779 3294 tamen,
804 3225 906 3301 quam
930 3204 1080 3305 figerere

61 3333 104 3411 25
126 3306 256 3380 dicendi
268 3330 416 3386 uteretur
438 3311 651 3410 ampliffimoc
670 3313 783 3410 Itaque
796 3311 874 3386 illud
888 3314 1079 3389 indecorum

127 3415 241 3517 (quod
249 3417 344 3515 quale
361 3419 426 3512 fit,
449 3446 491 3494 ex
508 3420 636 3496 decoro
657 3418 920 3525 deberinteiligi)
934 3424 989 3499 hic
1001 3448 1079 3545 mro·

85 3548 88 3553 ·
123 3552 189 3628 que
207 3548 366 3628 apparet,
392 3556 469 3608 cum
488 3534 630 3608 verbum
650 3532 785 3632 aliquod
800 3535 905 3611 altius
928 3538 1078 3612 transfer·

65 3669 73 3682 ·
124 3656 200 3733 tur,
220 3643 320 3743 idque
333 3641 369 3716 in
382 3643 536 3719 oratione
554 3645 672 3719 humili
687 3645 854 3743 *pomum
875 3649 973 3748 quod
998 3649 1077 3722 iden

73 3767 105 3835 83
123 3744 159 3823 in
179 3753 240 3829 alia
271 3755 414 3835 deceret.
450 3756 673 3834 manantem
691 3757 978 3855 concinnitatem,
1004 3776 1078 3860 qaue
