2302 4304
146 300 262 383 ιω·
389 254 947 377 nsoutsoue

141 487 226 559 quae
241 461 498 553 cohaerentem,
524 489 606 562 quae
627 464 753 554 lenem,
776 490 860 563 quae
882 465 1102 567 aequabiliter
1146 446 1149 455 .

109 650 114 657 ,
142 572 308 646 fluentem.
356 574 394 646 sd
418 573 653 672 assequemini,
681 574 707 646 st
728 576 832 649 verba
855 595 1004 650 extrema
1022 605 1100 652 cum

143 685 416 785 consequentibus
439 688 553 784 primis
574 689 619 760 ita
648 688 817 785 iungeris,
858 708 897 762 ut
929 716 970 764 ne
984 691 1101 788 aspere

39 866 44 885 ,
79 824 128 894 44
144 817 373 888 concurrant,
409 825 496 874 neve
515 799 636 874 vaslius
655 801 859 874 diducanttu.
908 803 1005 874 Hanc
1029 801 1102 875 dili·

66 940 125 997 '¹73
144 908 288 1007 gentiam
313 907 516 1007 subsequitur
537 909 656 982 modus
673 898 771 981 etiam
790 930 823 981 et
846 907 956 982 forma
972 911 1102 982 verbo-

143 1044 217 1091 rum
230 1046 247 1109 ,·
264 1020 358 1117 quod
386 1019 451 1090 iam
474 1045 619 1109 vereor,
651 1045 692 1091 ne
709 1019 785 1092 huic
806 1017 928 1091 Catulo
950 1019 1103 1091 videatur

143 1130 209 1203 esse
219 1131 351 1228 puerile.
376 1130 498 1203 Versus
511 1131 599 1203 enir'n
613 1153 743 1204 veteres
759 1130 806 1202 illi
821 1129 855 1200 in
872 1129 934 1200 hac
944 1128 1050 1201 soluta
1062 1154 1102 1201 o·

144 1244 271 1315 rarione
284 1242 549 1340 propemodum,
576 1241 643 1313 hoc
657 1240 725 1330 est,
750 1264 906 1311 numeros
929 1239 1103 1336 quosdam,

144 1353 242 1424 nobis
261 1351 325 1427 esse
346 1349 550 1422 adhibendos
575 1364 785 1445 putaverunt.
829 1346 1103 1443 interspirationis

143 1462 244 1545 enirn,
259 1485 329 1531 non
349 1457 589 1555 defatigationis
603 1456 757 1547 nostrae,
772 1479 878 1553 neque
890 1455 1104 1527 librariomm

144 1572 257 1659 notis,
282 1570 338 1643 sed
364 1569 546 1642 verborum
573 1588 606 1639 et
624 1568 855 1640 sententiarum
873 1565 980 1638 modo
1009 1567 1105 1638 inter·

144 1683 278 1780 pundas
296 1680 450 1755 clausulas
467 1679 502 1750 in
515 1679 723 1751 orationibus
742 1676 807 1749 esse
821 1677 1027 1763 voluerunt;
1054 1678 1105 1751 id-

143 1813 211 1888 que
232 1788 385 1885 princeps
410 1786 567 1859 Isocrates
584 1784 753 1859 instituisse
770 1784 894 1868 sertin,
913 1801 952 1856 ut
982 1785 1104 1858 incon-

136 1901 246 1973 ‘ditam
261 1901 474 1997 antiquorum
502 1898 632 1971 dicendi
649 1897 937 1985 consuetudinem,
964 1896 1105 1970 delesla·

144 2009 246 2081 tionis
266 2026 364 2104 atque
387 2007 515 2078 aurium
537 2007 631 2079 causa
664 2005 968 2103 (quemadmodum
995 2006 1106 2097 scribit

147 2118 321 2216 discipulus
353 2117 422 2189 eius
453 2116 658 2214 Naucrates)
701 2117 845 2190 numeris
884 2117 1108 2217 adstringeret.

82 2257 131 2305 ¹74
147 2237 301 2332 Namque
321 2234 403 2307 haec
415 2233 510 2318 -dtto,
525 2229 663 2316 mustei,
684 2230 742 2327 qui
766 2248 857 2302 erant
879 2231 1051 2328 quondam
1066 2232 1109 2302 ii-

147 2344 225 2418 dem
236 2361 374 2440 poetae,
395 2340 571 2416 machinati
588 2342 629 2412 ad
643 2342 848 2437 voluptatem
869 2339 958 2430 sunt,
976 2340 1109 2412 versum

150 2474 247 2551 atque
261 2474 418 2540 cantum3
441 2475 478 2527 ut
496 2470 530 2525 et
547 2453 731 2525 verborum
744 2476 904 2542 numer0,
935 2470 968 2524 et
980 2477 1109 2525 vocum

149 2564 275 2653 modo,
300 2564 549 2661 [deleslatione]
580 2563 752 2637 vincerent
772 2563 900 2634 aurium
920 2563 1110 2635 satietatem.

135 2677 242 2746 ·-Haec
268 2675 368 2769 igitur
394 2675 496 2764 dun,¹
529 2675 625 2748 vocis
641 2674 728 2745 ,dico
764 2672 1053 2765 moderationem,
1079 2693 1110 2748 et

96 2816 104 2828 «ν
150 2781 331 2853 verborum
351 2782 615 2870 conclusionem,
640 2781 752 2879 quoad
766 2781 928 2854 orationis
955 2781 1110 2857 severitas

134 2889 219 2986 'pati
244 2890 362 2986 possit,
398 2917 417 2962 a
439 2895 568 2988 poetica
596 2893 637 2964 ad
663 2893 887 2989 eloquentiam
909 2878 1111 2968 traducenda

88 3025 132 3079 ης
152 3003 326 3075 duxerunt.
381 3002 419 3072 ln
439 3025 509 3096 quo
535 3000 614 3071 illud
637 3001 685 3072 est
708 2996 996 3093 vel‘maximum,
1020 3004 1112 3101 quod

151 3109 265 3185 versus
289 3110 324 3180 in
338 3107 490 3179 oratione
518 3107 696 3179 srefficitur
724 3110 958 3182 coniunssione
985 3113 1111 3183 verbo-

134 3249 254 3310 ·rurn,
279 3222 401 3296 vitium
426 3220 473 3293 est
492 3248 503 3308 3
528 3240 562 3294 et
588 3241 699 3294 tamen
729 3248 802 3294 eam
816 3224 1111 3312 coniunuionem,

55 3386 59 3395 -
137 3334 245 3432 sicuti
271 3333 424 3421 versum,
455 3331 628 3404 numerose
655 3332 772 3406 cadere
803 3350 839 3404 et
855 3334 1048 3429 quadrare,
1080 3347 1112 3402 et

134 3444 269 3545 perfici
292 3447 454 3519 volumus.
482 3472 590 3544 neque
611 3445 714 3517 estex
726 3445 835 3517 multis
848 3470 900 3517 res
914 3470 980 3517 una
991 3497 1003 3530 ,
1031 3465 1108 3542 quae

153 3557 255 3656 magis
272 3577 441 3630 oratorem
453 3559 494 3628 ab
508 3557 665 3653 imperito
682 3558 839 3646 dicendi,
866 3557 1049 3654 ignaroque
1063 3554 1106 3625 di-

153 3668 319 3767 stinguat,
349 3691 448 3764 quam
474 3668 566 3762 quod
588 3665 641 3737 ille
674 3665 765 3737 rudis
785 3665 964 3766 incondite.
980 3663 1105 3746 fundit,

135 3802 313 3876 quantum
335 3773 470 3879 potest,
496 3792 529 3848 et
547 3775 603 3861 id,
635 3775 729 3884 quod
751 3774 859 3863 dicit,
881 3768 1022 3872 spiritu,
1045 3781 1121 3839 nou
