2302 4304
58 297 157 371 '28
317 292 426 367 ‘DE
475 282 848 365 ORATORE

111 460 167 531 lud
189 457 287 531 etiam
303 457 485 532 verendum
500 453 567 544 est,
595 449 881 532 neabstrahamur·
891 451 932 522 ab
945 450 1009 524 hac
1023 478 1082 526 ex·

111 568 329 656 ercitatione,
364 583 400 636 et
419 562 665 637 consuetudine
688 561 818 634 dicendi
836 559 1016 656 populari,
1045 545 1085 637 es

111 675 244 746 sorensi.
283 675 391 746 uliud
410 672 499 745 enim
512 671 595 742 mibi
608 671 777 768 quoddam
798 694 900 768 genus
913 670 1081 744 orationis

112 787 176 859 esse
194 783 464 861 videtur'eorum
481 784 683 875 hominum,
710 786 751 857 de
766 784 886 880 quibus
908 781 1009 878 paulo
1024 808 1082 854 an·

111 922 144 973 te
188 901 328 992 dixisti,
367 897 520 997 quamvis
547 898 598 968 illi
620 915 737 970 ornate
768 915 801 969 et
825 897 1000 993 graviter,
1023 918 1084 971 aut
1123 952 1126 963 .

112 1009 152 1079 de
167 1028 283 1082 natura
304 1032 436 1092 rerum,
456 1024 511 1077 aut
533 1005 575 1077 de
588 1007 749 1079 humanis
762 1007 860 1100 rebus
885 1005 1084 1101 loquantur.

81 1141 83 1145 ’
111 1121 262 1193 Nitidum
286 1119 454 1217 quoddam
475 1143 578 1216 genus
604 1117 650 1191 est
675 1118 859 1191 verborum
887 1118 919 1187 e't
941 1115 1082 1204 laetum;

100 1231 166 1303 'sed
188 1228 363 1328 palaestrae
379 1229 484 1327 magis
499 1252 533 1302 et
550 1230 637 1318 olei,
656 1254 759 1327 quam
774 1228 871 1300 buius
889 1227 996 1300 civilis
1005 1251 1082 1300 tur·

63 1352 95 1402 82
111 1344 171 1416 bae
193 1340 320 1414 acfori.
368 1340 522 1437 Namque
557 1358 714 1437 egomet,
751 1338 808 1437 qui
822 1337 896 1421 sero
910 1392 922 1429 ,
941 1364 979 1412 ac
993 1339 1084 1413 levi-

110 1468 162 1526 t'er
185 1456 327 1524 Graecas
341 1451 451 1523 literas
479 1450 676 1548 attigissem,
704 1471 816 1524 tamen
831 1476 907 1521 cum
927 1474 1083 1545 procon-

111 1564 195 1638 stde
186 1592 221 1635 m
231 1562 385 1634 Ciliciam
396 1559 613 1668 proficiscens
626 1561 772 1639 Athenas
786 1559 972 1645 venissem,
983 1585 1083 1633 com·
1106 1580 1109 1588 '

110 1677 219 1774 plures
240 1693 310 1747 tum
326 1673 373 1744 ibi
391 1672 460 1745 dies
479 1672 550 1745 sum
573 1694 714 1771 propter
741 1664 956 1770 navigandi
936 1670 1081 1742 difficul-
1107 1695 1110 1700 ·

111 1804 213 1856 tatem
228 1780 479 1856 commoratus.
505 1782 587 1874 sed,
613 1810 690 1859 curn
705 1784 855 1883 quotidie
870 1809 1000 1855 mecum
1017 1785 1081 1857 ha·
1089 1790 1093 1796 ’

109 1895 221 1967 berem
237 1893 389 1967 homines
403 1891 627 1985 dodisfimos‚
652 1881 795 1968 eos'sere
814 1894 902 1991 ipsos
917 1893 1011 1993 ,qui
1022 1896 1083 1970 abs
1113 1913 1116 1920 '

109 2025 143 2076 te
165 2003 270 2076 modo
285 2002 358 2076 sunt
379 2001 563 2095 nominati,
590 2030 732 2103 cumque
749 2006 841 2096 hoc,
867 2004 1080 2104 nescioquo-

59 2139 62 2143 ·
109 2117 216 2190 modo
231 2155 254 2208 ,·
267 2117 355 2213 apud
373 2141 431 2188 eos
450 2103 686 2202 increbuisset,
712 2142 767 2189 me
791 2117 828 2188 in
844 2115 945 2190 causis
958 2119 1081 2192 ¹maio·
1118 2125 1122 2132 '

110 2226 200 2304 ribus
214 2280 225 2316 ,
251 2226 344 2300 sicuti
354 2248 386 2299 te
401 2280 412 2316 ,
431 2225 536 2299 solere
549 2226 694 2319 versari,
709 2253 773 2325 pro
788 2227 818 2299 se
828 2222 965 2326 quisque
976 2247 1011 2302 ut
1021 2256 1082 2326 po-

63 2395 65 2400 ,
110 2355 195 2409 terat
209 2391 221 2426 ,
251 2338 292 2409 de
320 2337 436 2410 officio
450 2355 484 2440 et
498 2338 628 2423 ratione
642 2337 786 2410 ora'toris
799 2336 993 2432 disputabat.
1004 2339 1082 2410 Ηό-

66 2473 95 2541 ⁸3
113 2451 269 2547 rum'alii,
294 2451 383 2526 ficut,
396 2451 453 2526 iste
468 2453 535 2550 ipse
549 2444 782 2541 Mnesarchus,
808 2451 892 2539 hos,
917 2475 1002 2547 quos
1016 2477 1081 2524 nos

114 2564 265 2630 oratores
288 2584 508 2650 vocaremus,
533 2559 626 2636 nibil.¹
639 2558 703 2630 esse
719 2559 869 2642 dicebat,
894 2557 952 2628 nis1
975 2584 1081 2657 quos-

113 2671 194 2742 dam·
214 2670 407 2766 operarios,
432 2666 542 2765 lingua
561 2669 660 2739 celeri
683 2689 717 2743 et
729 2666 933 2752 exercitata,
958 2685 1080 2740 orato-

114 2806 185 2851 rem
196 2801 304 2851 autem
319 2833 331 2868 ,
347 2779 405 2875 nifi
420 2780 476 2875 qui
489 2777 615 2874 sapiens
628 2777 724 2867 esset,
738 2777 1003 2850 esse'neminem:
1029 2799 1080 2853 at-

37 2892 49 2940 '-
114 2889 287 2996 queipsam
296 2890 519 2988 eloquentiam
529 2943 541 2980 ,
566 2891 659 2988 quod
676 2917 718 2962 ex
732 2892 959 2965 bene-dicendi
973 2893 1080 2966 scien-

97 2991 100 2998 *
116 2999 164 3073 tia
178 2998 367 3091 constaret,
393 3025 492 3072 unam
502 3000 667 3099 quandam
681 3001 746 3073 esse
761 3000 920 3073 virtutem
935 3016 960 3092 ,'
972 3025 1005 3075 et
1020 3005 1081 3100 q'ui

116 3133 215 3180 unam
229 3108 388 3182 virtatem
403 3109 539 3206 haberet
549 3133 562 3198 ,‘
586 3130 703 3180 omnes
717 3108 854 3192 habere,
880 3126 998 3206 easque
1012 3109 1080 3181 esse

115 3224 202 3295 inter
222 3215 253 3295 se
273 3224 424 3322 aequales,
435 3244 601 3323 et-pares':
628 3223 699 3313 ita,
723 3221 781 3320 qui
802 3221 882 3293 esset
902 3223 1078 3320 eloquens,

85 3394 87 3399 .
115 3355 192 3403 eum
216 3331 356 3425 virtutes
368 3328 486 3407 omnes
500 3333 620 3405 habere
632 3386 646 3420 ,
684 3349 783 3428 atque
800 3330 866 3402 esse
888 3329 1078 3427 sapientem.

32 3447 43 3468 ⁹
115 3440 179 3511 Sed
196 3439 276 3515 haec
295 3462 364 3513 erat
368 3441 510 3538 spinosa
528 3442 689 3541 quaedam
702 3461 736 3514 et
753 3439 987 3530 exilisoratio,
1001 3442 1080 3513 lon·

70 3570 102 3634 84
117 3574 222 3648 geque
236 3575 254 3620 a
267 3539 385 3627 nostris
399 3549 540 3624 sensibus
554 3545 762 3624 abhorrebat
777 3550 978 3656 Charmadas
990 3575 1080 3623 vero

116 3664 222 3737 multo
235 3662 367 3736 uberius
383 3647 500 3737 iisdem
522 3663 674 3737 derebus
688 3665 904 3762 loquebatur3
923 3650 993 3736 non
1007 3689 1080 3760 quo

40 3772 46 3782 '
117 3778 258 3871 aperiret
287 3774 478 3858 sententiam
503 3774 592 3848 suam
620 3773 703 3873 (hic
724 3774 813 3848 enirn
839 3797 914 3845 mos
927 3791 997 3846 erat
1015 3796 1080 3868 pa·
