2302 4304
400 284 709 406 unutua
959 357 1024 430 u1

55 514 119 568 tus
142 482 320 592 magister,
339 519 538 592 quamquam
557 492 681 566 sorensi
699 493 770 565 luce
784 491 910 585 caruit,
932 495 1032 568 intra·

62 630 134 703 que
151 607 289 703 parietes
309 605 387 705 aluit
402 632 473 678 earn
498 605 663 705 gloriam,
691 601 789 703 quarn
813 631 938 699 nemo,
951 632 1029 682 meo

63 718 204 815 quidem
228 717 378 808 iudicio,
400 716 447 789 est
474 716 589 813 postea
612 714 815 787 consecutus.
846 713 874 789 is
907 741 940 791 et
964 718 1033 816 ipse

64 830 195 926 scripfit
228 831 329 905 multa
360 830 542 928 praeclare,
563 848 596 901 et
635 828 748 901 doc'uit
776 825 857 903 alios
872 857 883 916 ;
897 852 930 902 et
957 857 1034 904 cunt

67 963 180 1014 cetera
198 941 336 1030 melius,
361 967 461 1038 quarn
498 938 706 1036 superioreS,
732 955 803 1009 tun
835 941 960 1035 primus
984 942 1036 1014 in·
1126 1012 1128 1019 .

68 1052 216 1144 tellexit,
237 1053 336 1125 etiam
358 1053 394 1124 in
420 1053 523 1124 soluta
544 1050 719 1136 oratione,
742 1051 822 1123 dum
839 1053 971 1135 versum
984 1053 1036 1125 es·

70 1163 222 1262 fugeres,¹
241 1164 391 1245 modum¹
418 1181 553 1259 tamen,
593 1179 627 1230 et
665 1167 839 1230 numerum
873 1162 1036 1258 quendam

71 1297 232 1376 oportere
264 1276 398 1352 servari.
421 1277 507 1345 Ante
526 1272 614 1344 hunc
632 1270 721 1342 enirn
745 1271 928 1344 verborum
948 1274 1038 1372 quasi
1054 1300 1083 1352 33

73 1383 251 1481 mudhena,
277 1401 310 1455 et
325 1383 484 1480 quaedam
498 1381 539 1452 ad
566 1403 739 1452 numenun
751 1378 938 1472 conclusr0,
951 1385 1039 1455 nulla

72 1509 168 1580 erat;
184 1493 294 1581 aut,·s1
316 1494 449 1589 quando
474 1508 567 1582 etat,
586 1515 656 1561 non
678 1488 855 1585 apparebat
877 1513 949 1563 eam
979 1492 1039 1565 de-

73 1601 143 1673 dita
169 1626 273 1698 opera
299 1599 364 1672 esse
393 1597 567 1696 quaesrtam
580 1623 591 1683 3
605 1623 688 1695 quae
714 1595 848 1669 sorsrran
879 1599 948 1672 laus
979 1600 1039 1672 fit:

73 1727 446 1781 verumtamennanrra
476 1705 579 1825 magis
608 1725 705 1799 turp,
731 1703 871 1800 casuque
881 1703 1040 1778 ‘nonnun-

74 1842 202 1915 quam,
230 1841 331 1914 quarn
353 1834 408 1886 aut
427 1812 554 1884 ratione
572 1811 702 1909 aliqua,
723 1830 778 1884 aut
807 1811 1041 1887 observatione

75 1927 178 2000 siebat
213 1927 283 2023 Ipsa
310 1924 398 1996 enim
425 1939 541 1994 natura
567 1923 870 2018 circumscriptione
899 1925 1040 2022 quadarn
1057 1949 1089 2002 34

74 1981 262 2111 verbdtum
285 2034 561 2158 comprehendit,
582 2033 814 2132 concluditque
837 2037 1041 2112 sententiam:

74 2169 251 2257 quaecum
273 2144 353 2240 aptis
373 2142 544 2217 constricta
563 2142 674 2215 verbis
688 2141 751 2232 est,
756 2144 852 2217 cadit
867 2147 965 2218 etiarn
979 2148 1044 2243 ple

75 2280 220 2352 rumque
236 2254 417 2327 numerose.
443 2257 529 2326 Nam
544 2277 577 2328 et
591 2279 683 2327 aures
692 2256 778 2350 ipsae
791 2258 871 2353 quid
882 2260 1016 2352 plenum
1029 2315 1045 2348 ‚

78 2363 181 2460 quid
172 2388 269 2434 inane
281 2362 335 2450 su,
341 2362 503 2453 iudicant,
513 2383 546 2434 et
555 2362 782 2459 spiratu,quas1
795 2367 977 2439 neceffitate
985 2372 1044 2440 ah

78 2498 172 2571 qua,
199 2473 379 2546 verborum
402 2469 655 2567 comprehensro
681 2471 873 2544 terminatur
895 2474 953 2575 {in
975 2502 1045 2575 quo
1124 2531 1128 2540 .

81 2612 154 2659 non
187 2587 292 2676 modo
321 2585 442 2675 defici,
465 2568 647 2656 sedetiam
681 2583 832 2655 laborare
866 2604 962 2686 turpe
989 2588 1045 2663 est

80 2704 173 2777 Turn
197 2700 258 2773 suit
274 2701 410 2800 Lysias,
427 2699 494 2797 ipse
523 2699 690 2798 quidem
680 2726 715 2770 ιιι
742 2701 842 2775 causis
864 2703 1085 2803 sorensrbuso

80 2844 154 2891 non
174 2821 342 2904 versatus,
360 2817 414 2889 sed
455 2815 587 2914 egregie
612 2815 735 2887 subtilis
760 2814 927 2914 scriptor,
949 2839 1090 2918 atquear

83 2929 243 3024 elegans,
270 2951 368 3023 quern
390 2926 456 2998 iam
489 2949 596 3022 prope
623 2927 740 2998 audeas
767 2941 939 3001 oratorem
968 2957 1046 3027 per·

84 3032 207 3104 sellum
248 3031 368 3107 dicere.
393 3057 468 3104 nam
496 3033 599 3128 plane
623 3033 757 3130 quidem
789 3037 990 3132 persedum,
1012 3060 1047 3114 et

85 3141 140 3214 cui
164 3141 246 3212 nihil
275 3143 455 3233 admodum
477 3142 580 3230 desit,
602 3142 864 3215 Demosthenem
882 3145 974 3221 facile
996 3150 1046 3222 di-

85 3251 184 3325 xeris.
198 3251 289 3323 Nihil
313 3271 407 3323 acute
425 3253 568 3339 inveniri
584 3245 694 3348 potuit
712 3251 747 3320 in
765 3248 811 3322 eis
828 3251 950 3344 causrs,
967 3279 1048 3351 quas

86 3364 233 3460 scripsit,
247 3364 328 3437 nihil
344 3363 408 3463 (ut
420 3366 465 3438 ita
477 3367 583 3439 dicam
599 3364 616 3463 )
636 3365 792 3455 subdole,
808 3365 889 3440 nihil
897 3365 1047 3457 versute,

87 3475 182 3573 quod
193 3475 247 3547 ille
261 3500 329 3546 non
339 3476 480 3562 viderim
496 3476 578 3548 nihil
588 3476 745 3547 subtiliter
757 3475 834 3565 dici,
841 3477 920 3549 nihil
930 3474 1049 3570 presse,

90 3585 173 3657 nihil
187 3584 357 3658 enucleate
367 3639 377 3672 ‚
388 3609 456 3684 quo
468 3585 539 3658 sieri
555 3586 651 3680 possrt
664 3585 786 3683 aliquid
799 3584 939 3657 limatius
949 3609 959 3668 3
968 3581 1051 3667 nihil

91 3711 209 3769 contra
234 3695 378 3790 grande,
399 3692 698 3781 nihil‘incitatum‚
721 3694 801 3765 nihil
820 3708 973 3763 ornatum
994 3688 1049 3761 vel

90 3803 276 3892 ¹vernorum
299 3803 485 3902 gravitate,
511 3799 567 3879 vel
593 3798 843 3891 sententiarum,
868 3821 937 3897 quo
956 3796 1051 3897 quid
