2302 4304
374 272 678 376 ..iterur
773 332 776 337 ·
875 392 876 397 p
978 324 1017 402 ις

42 472 105 547 tibi
127 467 256 568 poffim
276 464 505 550 concederes
500 487 626 550 unum,
649 461 743 559 quod
765 459 806 534 ab
827 460 1022 535 oratoribus

44 581 200 655 civitates
214 599 248 649 et
262 572 324 646 ab
317 570 414 651 mitio
429 567 641 656 constitutas,
663 591 696 640 et
724 569 817 667 saepe
841 568 1020 643 conserva·

46 710 95 768 tas
133 687 203 761 esse
240 682 377 758 dixisti:
406 681 568 770 alterum,
606 677 723 775 quod,
753 699 887 754 remoto
917 680 1021 772 soro,

48 801 250 889 concione,
275 790 428 883 iudiciis,
454 785 591 882 senatd,
619 787 779 877 statuisti,
798 810 967 865 oratorem
986 791 1023 864 in
1047 800 1051 807 ’

50 911 146 984 omni
184 931 306 1007 genere
338 902 500 976 sermonis
536 922 570 974 et
599 898 811 972 humanitatis
837 901 913 976 -esse
947 926 1023 999 per·

50 1020 187 1097 fecum.
218 1018 305 1114 Quis
322 1018 413 1090 enim
430 1016 493 1090 tibi
510 1015 579 1088 hoc
602 1011 817 1108 concesserit,
844 1032 900 1088 aut
927 1014 1023 1088 initio
1041 1023 1075 1092 3⁶

10 1154 155 1230 {genus
183 1126 394 1201 hominum
386 1151 423 1196 ιιι
445 1122 615 1196 montibus
637 1146 675 1195 ac
703 1119 790 1194 silvis
813 1119 1025 1224 dissipatum

10 1228 13 1351 j
53 1265 125 1313 non
145 1234 360 1336 prudentium
385 1230 529 1307 consiliis
550 1229 753 1328 compulsum
773 1224 903 1328 potius,
922 1257 1024 1330 quam

10 1362 13 1445 l
54 1345 254 1425 disertorum
281 1345 434 1418 oratione
460 1343 655 1432 delinitum,
675 1342 708 1418 se
738 1345 867 1443 oppidis
893 1346 1026 1420 moeni·

10 1459 181 1585 ;bmque
217 1457 382 1555 sepsrffe?
419 1479 476 1530 aut
518 1481 603 1530 veto
659 1457 831 1554 reliquas·
822 1457 1026 1559 utilitates,

56 1588 112 1642 aut
142 1569 178 1642 in
208 1565 465 1656 constituendis,
497 1584 552 1639 aut
586 1563 817 1640 conservandis
836 1565 1027 1642 civitatibus

53 1706 128 1754 non
155 1705 174 1751 a
197 1676 396 1777 sapientibus
423 1700 456 1750 et
477 1676 620 1750 fortibus
649 1677 757 1765 viris,
778 1675 833 1749 sed
855 1704 874 1749 a
900 1678 1036 1754 disertis

56 1807 92 1862 et
124 1808 243 1862 ornate
266 1785 448 1861 dicentibus
466 1785 531 1859 effe
543 1785 765 1860 constitutas?
786 1791 840 1860 Αιι
859 1812 943 1864 vero
965 1789 1026 1862 tibi
1043 1817 1076 1871 3⁷

58 1895 222 1968 Romulus
245 1894 300 1966 ille
319 1912 374 1968 aut
391 1894 537 1991 pastores
551 1912 584 1967 et
603 1884 770 1970 convenas
793 1897 1027 1996 congregasse,

61 2029 116 2079 aut
148 1999 350 2077 Sabinortun
376 2003 543 2078 connubia
578 2004 808 2098 coniunxisse,
834 2028 890 2080 aut
925 2006 1028 2083 finiti·

59 2147 193 2194 morum
226 2119 300 2194 vim
345 2117 525 2216 repressisse
556 2120 746 2217 eloquentia
775 2121 924 2211 videtur,
957 2149 1028 2197 non

60 2232 198 2306 consilio
234 2252 268 2305 et
299 2231 456 2328 sapientia
485 2231 665 2330 singulari?
709 2232 800 2324 Quid
837 2232 951 2304 enim?
992 2233 1029 2305 in

61 2343 170 2413 Numa
190 2339 384 2438 Pompilio,
411 2339 523 2437 quid?
552 2340 586 2413 in
614 2341 684 2411 Ser.
704 2341 832 2430 Tullo,
854 2339 965 2436 quid?
994 2340 1029 2412 in

64 2454 177 2543 ceteris
207 2451 363 2551 regibus,
402 2475 546 2549 quorum
581 2450 685 2521 mtdta
721 2447 794 2519 sunt
830 2447 951 2521 eximia
987 2448 1030 2523 ad

63 2561 325 2636 constituendam
350 2563 615 2661 rempublicam,
643 2587 722 2633 num
750 2561 842 2658 quod
869 2561 1028 2660 eloquen-

64 2674 126 2747 tiae
152 2675 328 2774 vestigium
358 2673 519 2773 apparet?
560 2675 684 2770 Quid?
713 2675 833 2749 errastis
872 2678 1034 2777 regibus,

66 2783 223 2883 (tametsr
249 2787 353 2884 ipsam
384 2786 591 2860 exadionem
619 2788 730 2860 mente'
743 2842 754 2878 ,
791 2814 862 2860 non
897 2789 1026 2888 lingua,

67 2895 246 2991 persedam
272 2900 309 2970 t„
337 2896 430 2968 Bruti
457 2895 521 2969 elle
547 2894 770 2995 cernimus),
796 2896 852 2969 sed
876 2896 1027 2996 deinceps

67 3010 195 3100 omnia,
219 3036 331 3083 nonne
345 3011 442 3107 plena
460 3010 689 3102 confiliortun,
715 3011 823 3083 inania
848 3013 1026 3086 verborum

66 3120 246 3193 videmus?
280 3123 354 3218 Ego
380 3145 467 3194 vero
490 3121 514 3190 s1
538 3121 639 3196 velim
666 3140 699 3194 et
723 3119 861 3194 nostrae
887 3121 1026 3196 civitatis
1039 3137 1073 3209 38

67 3232 224 3326 exemplis
254 3232 328 3321 uti,
354 3253 388 3305 et
419 3232 575 3319 aliarum,
608 3231 703 3330 plura
729 3230 881 3328 proferre
907 3233 1024 3331 possim

68 3337 262 3413 detrimenta
288 3342 427 3438 publicis
449 3342 572 3432 rebus,
599 3367 699 3440 quam
731 3342 942 3430 adiumenta,
963 3367 1078 3441 per

69 3448 220 3526 homines
253 3453 571 3579 eloquentissimos
563 3472 776 3578 tmpottata:
803 3453 883 3545 sed,
908 3472 941 3526 ut
967 3479 1025 3524 re

70 3561 154 3694 liqua
187 3566 476 3662 praetermittam,
511 3563 662 3637 omnium
690 3563 773 3635 mihi
803 3564 937 3652 videor,
965 3587 1025 3632 ex-

70 3679 192 3773 ceptis,
206 3679 345 3772 Crasse,
369 3681 468 3753 vobis
491 3679 618 3752 duobus
632 3678 868 3781 eloquentrss’
869 3700 942 3747 mos
965 3699 1025 3742 au-

71 3780 148 3855 disse
166 3783 223 3858 Ti.
245 3802 279 3858 ct
304 3786 344 3861 C.
361 3784 575 3884 Sempronios
586 3836 600 3883 ,
622 3801 764 3881 quorum
779 3798 896 3879 pater,
918 3777 1024 3852 homo

1067 3994 1108 4048 Δ
