2302 4304
272 292 752 364 t-auurua-
942 306 1012 388 p9
1105 376 1112 381 ,

50 454 121 526 lint
133 443 170 525 in
188 471 322 527 oratore
345 453 472 544 laudes,
497 478 561 524 una
578 440 736 524 subtiliter
753 447 935 547 disptnandi
946 506 958 541 ,
971 452 1014 523 ad

53 565 271 667 docendum3
295 564 394 636 altera
419 564 563 665 grauiter
584 562 729 662 agendi,
749 562 789 634 ad
808 564 934 637 animos
954 591 1013 636 au-

55 675 223 748 dientium
247 662 521 770 permovendos‘,
559 673 728 770 multoque
759 671 834 769 plus
865 673 1015 770 proficiat

55 788 116 897 ir,
138 787 200 886 qui
219 786 401 861 inflammet
442 787 605 877 iudicem,
630 811 729 886 quam
756 785 832 876 iile,
866 789 923 885 qui
950 789 1018 861 do-·

56 904 155 971 ceatz'
195 895 389 993 elegantiam
409 895 444 968 in
472 896 607 985 Laeli0,
631 893 703 970 vim
724 894 759 966 in
779 896 884 968 Galba
911 895 1015 971 fuisso

54 1011 156 1101 Quae
173 1009 309 1106 quidem
329 1008 381 1081 vis
410 1030 482 1079 tum
507 1008 650 1078 maxime
670 1005 802 1104 cognita
818 1005 893 1096 est,
918 1034 1016 1100 eum,

56 1121 219 1193 Lusitanis
232 1145 251 1191 a
266 1123 333 1192 Ser.
348 1120 453 1192 Galba
470 1139 629 1216 praetore„
643 1138 759 1191 contra
778 1117 1016 1212 interpositam,

55 1249 95 1302 ut
131 1229 406 1317 existimabatur,
441 1227 564 1317 fidem,
601 1222 809 1314 intersedis,
833 1225 875 1296 T.
889 1226 1017 1300 Libone

55 1339 329 1436 tribunoplebis
359 1335 719 1434 populumincitante,
752 1356 786 1407 et
807 1334 1017 1432 rogationem
1106 1332 1112 1344 '

55 1452 93 1524 in
127 1450 302 1540 Galbam,
325 1449 495 1547 privilegii
529 1447 692 1537 similem,
716 1445 868 1533 serente,
891 1447 1017 1520 summa

53 1558 246 1648 senedute,
272 1580 308 1630 ut
326 1575 400 1629 ante
421 1557 511 1645 dixi,
536 1560 584 1628 M.
603 1557 690 1628 Ca'to
709 1555 816 1655 legem
833 1555 968 1630 suadens
982 1559 1017 1630 in

55 1668 206 1742 Galbam
224 1666 326 1738 multa
355 1665 456 1738 dixit:
481 1690 580 1763 quam
610 1663 797 1737 orationem
827 1664 866 1737 in
901 1667 1034 1765 Origi-x

54 1807 118 1854 nes
154 1779 225 1852 suas
258 1775 394 1868 retulit,
430 1777 541 1873 paucis
576 1783 758 1874 antequam
780 1800 930 1850 monuus
948 1780 1017 1868 est',

54 1914 102 1961 an
150 1886 296 1986 diebus,
348 1910 390 1982 an
425 1883 625 1958 mensibus?
678 1884 766 1956 Tum
802 1884 902 1985 igitur
937 1887 1018 1960 nihil
1034 1901 1090 1978 99'

53 2001 212 2076 recusans
236 1999 343 2075 Galba
366 2000 530 2096 prosese,
555 2006 590 2074 et'
610 2001 727 2098 populi
748 2002 892 2075 Romani
909 1992 1017 2079 ,fidem

55 2113 265 2208 implorans,
291 2134 368 2182 eum
390 2108 464 2197 suos
481 2134 627 2206 pueros,
651 2127 723 2180 tum
742 2111 783 2183 C.
810 2110 899 2183 Galli
919 2113 1018 2184 etiam

54 2219 169 2292 filium
197 2219 279 2292 flens
304 2219 577 2305 commendabat3
607 2218 698 2320 cuius
721 2219 844 2291 orbitas
871 2237 904 2291 et
923 2220 1018 2294 fletus

54 2335 145 2407 mire
163 2332 355 2405 'miserabilis
381 2330 443 2403 suit
469 2350 606 2428 propter
620 2332 799 2402 'recentem
820 2331 1021 2404 memoriam

56 2446 227 2523 clariffimi
260 2444 380 2542 patris;
421 2440 512 2539 isque
543 2440 574 2513 se
596 2436 680 2513 ⁴tum
710 2439 831 2536 eripuit
862 2439 1043 2533 flammas
1076 2435 1078 2515 ζ

55 2584 202 2660 propter
221 2584 343 2656 pueros
358 2542 582 2628 misericordia
592 2552 709 2650 populi
730 2575 919 2646 commota,
938 2554 1039 2631 sicutx

56 2672 152 2744 idem
181 2669 338 2765 scriptum
361 2666 494 2763 reliquit
517 2666 615 2738 Cato.
664 2669 772 2766 Atque
793 2654 891 2741 etiam
911 2672 1019 2768 ipsum
1047 2724 1050 2731 -

56 2783 227 2854 Libonem
245 2804 315 2851 non
338 2778 498 2851 infantem
520 2776 622 2852 video
644 2775 761 2870 fuisse,
784 2799 821 2853 ut
834 2807 875 2854 ex
896 2772 1018 2859 oratio·

56 2892 160 2963 nibus
186 2891 256 2960 eius
280 2886 419 2985 intelligi
445 2884 569 2983 potest..
623 2887 721 2959 Cum.
736 2886 818 2961 haec
848 2891 1018 2986 dixiffem,
1036 2933 1064 2985 91

55 3021 92 3072 et
112 2998 248 3095 paulum
267 2998 564 3094 interquieviffem,
583 3000 675 3092 Quid
692 2986 791 3098 igitur
805 3001 955 3100 ,inquit,
972 3005 1020 3077 est

57 3106 201 3193 causae,
239 3106 377 3193 Bruttia,
414 3104 547 3178 fitanta
568 3107 674 3181 virtus
695 3109 729 3179 in
755 3129 888 3180 oratore
915 3113 1019 3186 Galba
1124 3117 1127 3122 ’

56 3218 152 3306 fuit,
186 3242 244 3289 cur
275 3241 314 3287 ea
339 3215 425 3303 nulla
447 3216 483 3287 in
510 3217 715 3289 orationibus
735 3219 811 3316 ,eius
839 3224 1017 3315 appareat?

57 3327 157 3424 quod
180 3326 294 3397 mirari
316 3351 386 3398 non
404 3327 535 3422 polium
558 3327 593 3397 in
616 3329 679 3413 eis,
704 3327 762 3423 qui
780 3327 860 3400 nihil
878 3333 1019 3418 omnino

58 3431 176 3529 scripti
191 3432 405 3529 reliquerint.
454 3435 527 3505 Nec
546 3433 635 3504 enim
657 3431 703 3503 est
722 3431 852 3524 eadem,
874 3435 1018 3534 inquam,
1038 3427 1085 3524 ⁸24

60 3546 183 3632 Brute,
208 3543 302 3630 causa
320 3570 391 3615 non
421 3541 603 3628 scribendi,
626 3562 659 3613 et
672 3566 742 3613 non
757 3564 823 3615 tam
845 3546 929 3628 bene
941 3546 1019 3617 scri-

60 3651 184 3753 bendi,
210 3677 309 3748 quam
330 3652 483 3724 dixerint.
530 3653 619 3744 ¹Nam
636 3651 787 3723 videmus
804 3651 886 3722 alios
904 3669 1019 3747 orato,-
1123 3670 1125 3675 ’

62 3787 116 3844 tes
137 3763 259 3840 inertia
275 3763 358 3843 nihil
373 3761 549 3861 scripsisse,
574 3787 616 3840 ne
637 3762 834 3840 domesticus
856 3760 954 3841 etiam
971 3764 1020 3837 la·

967 3924 983 3957 Ο
996 3945 999 3952 .
