2304 4304
210 306 217 313 ’
331 292 692 396 ¹saurus.
878 302 1019 424 ·'„7

58 481 196 580 quentia
225 460 368 580 putanda
395 482 462 555 est:
495 483 564 554 fine
586 507 651 581 qua
682 483 782 555 etiam
801 501 841 555 tu
848 535 860 571 ,
895 486 1021 580 Brute,

57 594 263 685 iudicavisti,
294 613 328 667 te
362 595 449 670 illam
483 595 601 667 iustam
633 593 880 691 eloquentiam,
918 620 1019 694 quam

60 706 265 778 dialesticam
298 707 463 779 dilatatam
493 706 558 780 elle
587 728 720 804 putant,
752 704 915 805 'consequi
948 732 1020 782 non

58 815 162 911 posse.
211 816 299 887 Huic
328 840 392 913 ego
420 816 571 904 dodon,
612 838 645 890 et
670 815 741 890 eius
770 816 895 890 artibus
921 819 1023 893 variis
1053 835 1055 840 '

59 945 161 1023 atque
181 928 313 1017 mltis,
337 928 383 1000 ita
406 953 496 1000 eram
518 951 629 1001 tamen
654 927 798 1017 dedinrs,
823 945 861 999 ut
876 927 918 1000 ab
931 953 1022 1003 exer·

57 1035 270 1109 citationibus
292 1038 445 1110 oratoriis
459 1037 566 1110 nullus
582 1038 651 1110 dies
668 1060 794 1130 vacuus
807 1035 895 1109 esset.
918 1039 1024 1109 Com·
1036 1061 1084 1119 319
1107 1030 1112 1041 ’

57 1145 230 1216 mentabar
257 1145 467 1218 declamitans
492 1144 561 1244 (fic
583 1143 672 1217 enim
694 1168 782 1215 nunc
807 1143 1021 1243 loquuntur)
1060 1148 1067 1170 ¹

58 1252 155 1349 saepe
176 1280 252 1327 cum
274 1258 322 1328 M
345 1255 481 1345 Pisone,
517 1276 551 1329 et
579 1279 656 1328 cum
674 1257 720 1347 Q.
748 1255 932 1351 Pompeio,
966 1275 1023 1329 aut

57 1387 136 1434 cum
160 1361 272 1459 aliquo
295 1361 469 1460 quotidie3
494 1362 594 1460 idque
613 1360 776 1432 faciebam
806 1364 946 1434 multum
965 1365 1023 1437 eti·

57 1492 112 1541 am
133 1471 256 1562 latine,
289 1472 345 1545 sed
371 1498 489 1571 graece
515 1473 663 1570 saepius:
696 1474 752 1547 vel
774 1475 867 1572 quod
895 1478 1023 1550 Graeca

58 1584 173 1661 oratio¹
195 1584 299 1680 plura
324 1603 518 1661 ornamenta
553 1585 782 1682 suppeditans,
814 1585 1022 1659 eonsuetudi-

58 1717 138 1762 nem
161 1691 306 1766 similiter
327 1694 427 1766 latine
450 1694 582 1768 dicendi
612 1693 785 1779 afferebam
811 1695 866 1769 vel
883 1697 975 1792 quod
1001 1722 1021 1767 a

58 1798 198 1875 Graecis
220 1803 354 1876 summis
383 1805 601 1896 dosloribus,
637 1803 697 1882 nist
719 1828 834 1901 graece
855 1804 1019 1896 dicerem,

57 1937 167 2012 neque
197 1915 320 2013 corrigi
350 1914 499 2012 possem,
534 1940 641 2014 neque
668 1914 795 1987 doceri.
846 1915 1021 1990 Tumultus
1035 1938 1080 1991 3¹1

19 2080 22 2086 .
60 2022 195 2095 interim
214 2048 278 2120 pro
299 2025 521 2121 recuperanda
543 2023 733 2121 republica,
759 2040 792 2095 et
817 2024 956 2096 crudelis
972 2026 1022 2096 in-

56 2138 176 2210 teritus
190 2155 365 2210 oratorum
384 2139 505 2226 trium,
527 2138 723 2225 Scaevolae,
750 2137 937 2226 Carbonis,
958 2140 1023 2210 An·

56 2247 159 2320 tistii:
191 2249 312 2324 reditus
334 2251 475 2341 Cottae,
507 2251 687 2340 Curionis,
711 2249 838 2338 Crassi,
863 2250 1022 2322 Lentido·

56 2385 159 2450 rum,
185 2362 354 2458 Pompeiis
383 2363 470 2460 leges
488 2380 521 2434 et
551 2362 673 2434 iudicia
693 2360 888 2436 constituta:
926 2385 1020 2432 reeu-
1076 2412 1080 2429 ,

57 2486 174 2561 perata
207 2467 408 2563 respublica:
446 2491 487 2538 ex
524 2490 666 2538 numero
688 2484 810 2555 „autem
847 2483 1022 2540 oratorum

55 2580 284 2676 Pomponius,
313 2579 535 2671 Censorinus,
564 2583 703 2653 Murena
719 2564 845 2655 sublati.¹
861 2584 936 2655 'tum
951 2581 1022 2680 pti·

55 2716 151 2761 mum
177 2715 239 2762 nos
260 2690 303 2762 ad
323 2690 452 2780 causas,
475 2708 508 2762 et
528 2689 674 2787 privatas
697 2709 730 2763 et
743 2691 908 2788 publicas,
929 2686 1037 2764 adire¹
1110 2754 1113 2759 ,

54 2796 247 2895 coepimus,
272 2822 341 2870 non
365 2820 402 2870 ut
420 2798 455 2869 in
480 2797 559 2870 soro
583 2798 800 2892 disceremus,
834 2800 929 2900 quod
951 2802 1021 2901 ple-
1072 2815 1076 2830 '
1131 2850 1137 2871 ,

55 2912 154 3008 rique
177 2909 345 2998 fecerunt,
370 2909 426 2982 sed
446 2929 505 2998 ut,
535 2931 696 3010 quantum
718 2938 781 2987 nos
802 2915 933 2988 efficere
953 2941 1021 3012 po-
1121 2912 1126 2945 ’

55 3021 243 3110 willemus,
267 3021 358 3094 dotti
380 3023 415 3093 in
437 3022 550 3095 sorum
568 3026 768 3098 veniremus.
793 3020 920 3097 Eodem
935 3048 1019 3099 tem·
1036 3049 1084 3104 3¹²

55 3153 144 3225 pore
179 3127 314 3200 Moloni
344 3128 492 3203 dedimus
527 3154 664 3226 operam
680 3146 704 3203 ε’
733 3132 894 3203 distatore
929 3133 1019 3206 enim

54 3241 167 3329 Sulla,
199 3242 325 3341 legatus
359 3242 402 3314 ad
432 3240 577 3315 senatum
612 3245 654 3316 de
682 3244 894 3318 Rhodiorum
921 3271 1020 3344 prae·

55 3352 134 3424 miis
147 3371 295 3427 venerat.
346 3358 459 3453 ltaque
479 3357 587 3453 prima
601 3356 855 3451 causa'publica,
869 3384 932 3457 pro
946 3361 1020 3434 Sex.

52 3462 182 3536 Roscio
198 3466 284 3538 dida
295 3486 440 3557 ,tantum
454 3467 752 3542 commendationis
766 3472 890 3559 habuit,
898 3491 935 3545 ut
952 3462 1022 3544 non

53 3572 121 3647 ulla
141 3573 240 3664 esset,
261 3602 346 3673 quae
365 3602 435 3650 non
454 3579 552 3676 digna
572 3577 687 3651 noslro
712 3585 901 3678 patrocinio
923 3583 1021 3655 vide·

52 3698 158 3755 retur.
173 3682 329 3781 deinceps
342 3686 419 3758 inde
431 3686 575 3775 multae,
591 3713 671 3784 quas
684 3694 753 3764 non
767 3692 874 3762 minus
884 3691 1021 3790 diligen·
1117 3674 1132 3779 f

53 3805 107 3863 tet
116 3792 313 3886 elaboratas,
335 3814 368 3869 et
389 3815 550 3894 tanquam
573 3799 777 3874 elucubratas
797 3799 1021 3877 afferebamus.

1001 4034 1045 4091 ,t
