2302 4304
38 264 265 416 sual
384 290 893 380 orontio-na
975 272 1009 389 ᾗ

73 478 119 542 '¹45
144 465 261 540 Arrifit
287 461 342 538 hic
368 466 500 557 Craffus
511 466 653 556 leniter,
676 484 726 557 et,
747 469 886 540 Pertexe
906 465 1031 556 modo,
1053 464 1108 541 in·

141 577 241 675 quit,
263 575 415 666 Antoni,
432 576 525 674 quod
547 576 681 649 exorsus
694 602 739 656 ese
765 601 819 648 me
837 600 948 650 tamen
970 576 1029 648 ista
1052 576 1109 651 os·

142 683 250 758 citans
272 683 448 781 sapientia,
467 683 660 784 simulatque
682 685 724 759 ad
746 708 820 756 eam
842 684 1047 783 confugero,
1072 685 1109 757 in

140 794 327 870 libertatem
347 796 540 869 vindicabit.

74 915 122 991 34
190 908 296 980 Huius
318 906 454 1004 quidem
478 905 572 995 ioci,
600 930 699 1004 quem
718 906 825 979 modo
850 905 922 977 sum
945 906 1108 995 exorsus,

115 1015 197 1101 ‚hic
217 1015 265 1088 est
286 1014 386 1104 finis,
413 1015 521 1114 inquit
545 1016 709 1089 Antonius
732 1041 742 1085 ε
769 1016 928 1112 quoniam
950 1008 1106 1113 intelligi-

140 1145 215 1214 tur,
243 1151 315 1200 non
344 1128 380 1198 in
408 1127 584 1199 hominun
611 1125 903 1199 innumerabilibus
929 1124 1107 1220 personis,

49 1240 52 1245 ’
122 1265 249 1339 ,neque
271 1240 306 1312 in
330 1238 460 1312 infinita
480 1257 673 1334 temporum
700 1238 886 1326 varietate,
904 1237 961 1310 sed
987 1238 1024 1309 in
1050 1264 1108 1337 ge·

140 1376 257 1424 nerum
293 1349 394 1423 causls
417 1367 516 1447 atque
544 1349 669 1421 naturis
696 1349 810 1420 omnia
834 1347 891 1419 sna
912 1347 999 1435 effe,
1023 1373 1108 1446 quae

140 1463 176 1536 in
196 1458 333 1537 dubium
352 1482 581 1551 vocarentur3
603 1448 725 1561 genera
746 1461 934 1535 autem'effe
953 1459 1108 1554 definita,

138 1598 211 1647 non
234 1574 339 1647 solum
364 1600 527 1660 numero,
550 1572 607 1646 sed
632 1574 732 1647 etiam
759 1572 944 1670 paucitate:
973 1590 1012 1647 ut
1032 1598 1108 1647 eam

139 1682 314 1772 materiem
348 1682 535 1770 orationis,
561 1706 646 1781 quae
674 1680 828 1782 cuiusque
852 1681 931 1756 esset
951 1684 1108 1779 generis,
1125 1675 1145 1751 s

72 1827 76 1836 ·
139 1791 273 1864 studiosi
291 1792 350 1890 qui
370 1793 473 1867 essent
501 1790 654 1882 dicendi,
669 1791 833 1864 ¹omnibus
853 1790 935 1864 locis
958 1791 1131 1890 descripv·

139 1918 230 1990 tam,
263 1897 478 1991 instrudam,
505 1926 723 1998 ornatamque
761 1900 1108 1998 comprehenderent,

73 2027 119 2109 ¹⁴⁶.
139 2012 236 2085 rebus
249 2012 328 2085 dico
347 2030 381 2085 et
393 2011 569 2084 sententiis.
606 2014 672 2084 Eae
694 2013 732 2084 vi
751 2012 808 2084 sua
824 2011 927 2084 verba
949 2010 1109 2106 parient',

139 2146 224 2220 quae
246 2120 376 2218 semper
403 2120 477 2193 satis
503 2138 619 2192 ornata
644 2119 728 2191 mihi
757 2120 891 2218 quidem
916 2119 1025 2194 videri
1051 2120 1108 2193 so·

127 2224 228 2321 ient,
259 2234 283 2310 sr
311 2234 486 2307 eiusmodi.
500 2233 574 2307 sunt
594 2286 605 2322 ,
629 2251 668 2304 ut
694 2258 733 2305 ea
759 2257 812 2305 res
838 2231 906 2329 ipsa
942 2233 1122 2330 peperiffe

102 2394 105 2399 ·
138 2343 302 2419 uideantr.
325 2348 401 2436 Ac',
424 2344 448 2415 fi
470 2368 589 2416 verum
609 2343 785 2442 quaeritis,
805 2344 898 2441 quod
926 2341 1009 2415 mihi
1027 2344 1088 2442 qui

138 2459 215 2532 dem
233 2461 386 2533 videatur
410 2457 522 2558 (nihil
549 2460 639 2531 enim
665 2459 754 2531 aliud
777 2459 938 2531 affirmare
952 2458 1107 2554 poffum,

73 2588 111 2664 ſs
137 2564 197 2635 nifi
229 2564 424 2652 sententiam
450 2581 483 2636 et
505 2560 702 2661 opinionem
728 2562 865 2660 meant)
890 2565 957 2636 hoc
980 2562 1106 2637 instrui*

139 2694 293 2746 mentum
335 2673 504 2745 causamini
538 2690 571 2744 et
609 2696 766 2773 generum
802 2673 1033 2746 universorum
1068 2674 1106 2748 in

138 2781 254 2854 forum
285 2779 413 2851 deferre
442 2779 619 2868 debemus,
642 2790 772 2878 neque,
800 2804 836 2853 ut
862 2804 1026 2878 quaeque·
1050 2789 1105 2857 res

136 2893 242 2977 delata
273 2893 315 2962 ad
342 2914 405 2963 nos
433 2889 520 2978 erit,
547 2888 619 2962 tum
651 2892 794 2991 denique
824 2892 959 2967 scnrtari
985 2893 1104 2981 locos,

135 3031 178 3078 ex
199 3003 317 3104 quibus
344 3017 536 3101 argtmtenta
558 3014 734 3076 eruamus:
757 3020 843 3102 quae
868 3005 1002 3104 quidam
1025 3031 1104 3078 om-

135 3117 258 3206 nibus,
285 3114 341 3215 qui
369 3134 410 3187 ea¹
437 3113 651 3187 mediocriter
690 3116 797 3187 modo
836 3113 1103 3207 confiderarint',

133 3227 243 3300 tudio
264 3226 415 3300 adhibito
441 3245 474 3300 et
493 3227 569 3318 usu,
595 3230 774 3324 petradata
792 3227 861 3300 effe·
876 3227 1032 3325 poffunt3
1047 3228 1105 3302 sed

130 3340 246 3413 ‘tamen
274 3337 402 3411 animus
428 3336 622 3411 referendus
643 3338 690 3412 est
712 3339 754 3411 ad
781 3363 818 3411 ea
848 3339 981 3435 capita,
1003 3338 1104 3410 etad

33 3449 36 3454 '
81 3436 85 3443 ‘
135 3446 230 3533 illos,
257 3468 344 3544 quos
367 3446 461 3543 saepe
483 3448 550 3519 iam
571 3437 736 3543 appellavi
750 3501 761 3538 ,
775 3448 892 3536 locos,
916 3472 958 3519 ex
980 3447 1103 3544 quibus
1127 3438 1129 3442 ’

50 3566 52 3570 ’
106 3548 252 3627 omnia
289 3556 330 3625 ad
366 3577 502 3625 omnem
535 3554 723 3626 orationem
759 3555 897 3628 inventa
924 3556 1103 3650 ducuntur.
1138 3592 1141 3596 ·

73 3690 118 3740 ¹47
137 3666 248 3761 Atque
273 3661 345 3743 ¹hoc
369 3679 479 3731 totum
501 3659 547 3730 est
576 3659 644 3731 slve
667 3648 862 3752 artis,'s1ve
885 3662 1103 3734 animadver-

136 3772 257 3865 fionis,
284 3773 352 3848 stve
370 3772 642 3865 consuetudinis,
680 3774 776 3848 noffe
807 3760 988 3875 regiones,
1014 3773 1103 3847 intra

64 3920 196 4023 p,
