2302 4304
339 268 688 408 sarusar.
765 421 767 427 Ι
976 353 1022 427 29
1108 375 1111 379 -

63 485 139 559 rrius
162 482 358 559 Academiae
372 538 384 575 ,
409 467 576 559 adversari
590 484 718 582 semper
736 486 892 559 omnibus
906 489 940 560 in
954 489 1023 560 dis-

62 593 246 692 putando);
272 593 327 665 sed
346 620 422 667 cum
441 595 585 669 maxime
598 614 710 668 tamen
722 595 788 693 hoc
802 595 1022 693 significabat,

60 733 132 797 eos,
147 709 207 805 qui
218 709 371 781 rhetores
386 709 656 798 nominarentur,
669 727 703 780 et
715 708 774 806 qui
783 695 912 811 dicendi
926 717 1022 806 pr'ae-

59 843 153 915 cepta
180 821 372 906 traderent,
398 819 479 892 nihil
506 821 601 916 plane
626 841 759 910 tenere,
794 844 901 916 neque
928 820 1022 918 posse

10 1018 15 1043 ἱ
59 954 260 1028 quemquam
274 930 462 1030 facultatem
477 931 600 1029 assequi
618 932 770 1024 dicendi,
795 933 854 1005 nis1
872 934 929 1030 qui
940 935 1019 1030 phi-

11 1067 14 1082 .
57 1037 277 1136 losophorum
300 1041 437 1114 inventa
450 1040 621 1114 didicisset.
666 1036 890 1139 Disputabant
903 1062 1021 1116 contra
1042 1063 1085 1128 19

58 1150 167 1252 diserti
176 1151 361 1240 homines,
385 1149 601 1222 Athenienses
618 1171 651 1224 et
663 1152 699 1223 in
711 1152 880 1276 republica
902 1153 1019 1228 causrs·
1038 1162 1066 1226 a,

47 1285 122 1354 ,que
136 1261 313 1351 versari,
303 1289 339 1333 1n
346 1259 422 1358 quis
432 1278 503 1332 erat
516 1259 614 1332 etiam
628 1261 680 1352 is,
704 1262 762 1358 qui
772 1287 880 1380 nuper
892 1265 1025 1340 Romae

57 1365 142 1457 suit,
171 1367 412 1453 Menedemus,
425 1364 607 1464 hospes
582 1391 704 1455 meus:
724 1366 781 1463 qui
804 1391 879 1438 ctnn
898 1368 1024 1443 diceret

59 1478 122 1549 effe
136 1477 300 1575 quandam
317 1475 548 1572 prudentiam,
572 1500 668 1573 quae
669 1475 890 1564 versaretur
880 1504 916 1551 in
943 1505 1023 1577 per·
1071 1551 1074 1558 ,

56 1587 229 1684 spiciendis
243 1586 427 1660 rationibus
441 1583 746 1659 constiatendaruu'i
758 1610 792 1660 et
804 1591 1024 1686 regendarum

57 1696 410 1793 rerumpublicarum,
436 1697 640 1771 excitabatur
653 1696 760 1774 homo
780 1698 955 1795 promptus
981 1704 1024 1775 ab

59 1803 195 1898 homine
226 1805 407 1878 abundanti
421 1804 596 1894 domina,
621 1824 655 1877 et
680 1804 822 1902 quadam
839 1806 1023 1906 incredibili

60 1916 220 1999 varietate
233 1939 345 1988 rerum
368 1935 401 1989 et
413 1913 521 2012 copia.
554 1917 687 1987 Omnes
702 1914 792 1992 enirn
810 1939 918 2012 partes
939 1918 1024 1993 illius

56 2026 154 2123 ipfius
168 2027 365 2127 prudentiae
378 2029 535 2126 petendas
546 2029 611 2101 esse
624 2025 863 2125 aphilosophia
878 2030 1023 2116 dicebat,

55 2159 165 2232 neque
179 2156 245 2227 ea‘,
270 2164 354 2237 quae
374 2136 588 2226 statuerentur
601 2139 636 2211 in
654 2138 821 2234 republica
833 2142 875 2213 de
885 2142 947 2213 diis
958 2142 1023 2213 im·
1124 2172 1130 2179 ·

55 2247 275 2342 mortalibus,
304 2252 345 2323 de
365 2250 532 2348 disciplina
545 2251 748 2336 iuventutis,
758 2250 814 2321 .d'e
828 2249 966 2336 iustitia,
981 2251 1023 2322 de

55 2361 241 2454 patientia,
276 2362 317 2434 de
340 2363 586 2460 temperantia,
625 2364 666 2434 de
690 2361 795 2432 modo
817 2387 927 2432 rerum
946 2387 1023 2433 om·

57 2472 165 2562 nium,
185 2480 381 2573 ceteraque,
408 2475 475 2548 srne
494 2476 612 2572 quibus
626 2474 777 2547 civitates
792 2496 847 2544 aut
861 2473 942 2564 esse,
967 2497 1024 2548 aut
1057 2538 1060 2544 .

57 2580 140 2653 bene
153 2608 303 2656 moratae
317 2586 381 2657 esse
395 2599 465 2658 non
479 2584 628 2681 possent,
642 2608 780 2681 usquam
789 2583 824 2654 in
837 2591 954 2656 eorum
967 2585 1022 2656 in-

56 2694 166 2765 veniri
182 2693 310 2767 libellis.
357 2697 463 2789 Quod
485 2695 509 2764 fi
536 2713 658 2766 tantam
685 2692 756 2766 vim
778 2682 890 2765 rerum
916 2695 1022 2778 maxi·
1037 2711 1069 2764 aa

55 2826 185 2876 marum
206 2827 276 2878 arte
286 2807 344 2878 sua
364 2805 523 2901 rhetorici
537 2804 582 2875 illi
595 2806 747 2876 doslores
761 2805 1022 2900 complesleren·

54 2927 130 2981 tur:
156 2913 360 3009 quaerebat,
386 2940 445 2993 cur
464 2915 504 2984 de
518 2913 700 3008 prooemiis
714 2903 741 3002 ‚⁵
756 2928 789 2984 et
816 2914 856 2984 de
870 2913 1022 3010 epilogis,

53 3040 87 3091 et
103 3019 145 3091 de
158 3021 349 3096 huiusmodi
364 3022 458 3119 nugis
483 3021 545 3120 (sic
568 3023 657 3095 enirn
676 3023 878 3119 appellabat)
907 3017 1021 3094 referti

54 3129 160 3203 essent
174 3156 293 3204 eorum
316 3132 416 3205 libri.
446 3131 486 3202 de
510 3131 700 3204 civitatibus
718 3127 953 3218 instituendis,
981 3129 1023 3199 de

53 3237 234 3312 scribendis
250 3239 415 3338 legibus,
422 3241 462 3311 de
477 3241 664 3346 aequitate,
688 3241 728 3310 de
742 3237 878 3327 iustitia,
896 3238 1022 3326 deside,
1085 3320 1089 3325 ,
1122 3290 1126 3299 ·

53 3349 96 3421 de
111 3348 302 3449 frangendis
316 3341 566 3453 cupiditatibus,
586 3354 626 3424 de
647 3338 899 3424 conformandis
912 3351 1022 3429 homi-

21 3490 27 3506 ¹
54 3487 136 3531 num
159 3456 336 3548 motibuS,
361 3463 487 3536 litera
479 3487 649 3535 meorum
672 3463 763 3534 libris
784 3459 897 3532 nulla
888 3457 1021 3532 inveni-

55 3593 157 3644 retur.
207 3573 280 3668 lpsa
299 3562 389 3647 vero
404 3594 579 3671 praecepta
595 3573 638 3647 fic
657 3573 958 3670 illuderesolebat,
985 3587 1021 3638 ut
1037 3589 1068 3653 s7

54 3679 263 3773 ostenderet,
288 3711 358 3757 non
374 3688 480 3758 modo
503 3676 561 3759 eos
577 3689 659 3761 illius
681 3683 916 3787 expertes'esle
939 3710 1020 3778 pru-
1058 3777 1062 3786 ⁴
1129 3773 1131 3777 ι

52 3792 212 3885 dentiae,
237 3795 407 3894 quamsibi
425 3793 637 3888 asciscerent,
660 3796 778 3891 sed-ne
791 3795 879 3870 hanc
887 3794 1021 3888 quidem
1107 3812 1110 3818 ·
