2302 4304
370 302 723 382 tineam.
863 309 868 317 “
961 314 1033 407 267
1126 379 1131 391 .

69 469 199 538 Verum
227 466 279 543 illa
306 466 466 543 videtisne
496 469 560 542 else
582 493 653 542 non
680 469 796 558 verbi,
819 470 873 546 sed
902 473 1033 548 oratio·

68 580 145 670 nis,
173 608 257 680 quae
279 609 322 656 ex
337 584 511 680 pluribus,
536 602 574 658 ut
593 584 751 682 exposui,
770 586 1058 675 translationibus

67 712 223 762 connexa
270 692 369 766 sunt?
413 694 495 766 haec
533 714 669 784 autem,
709 718 793 793 quae
830 715 886 767 aut
919 693 1033 768 immu-

65 789 135 873 t'ata
170 803 259 894 dixi,
287 822 342 877 aut
369 805 461 877 aliter
492 805 721 904 intelligenda,
754 830 793 878 ac
825 805 1032 888 dicerentur,

65 911 305 986 sunttranssata
328 916 474 1013 quodam
495 916 612 990 modo.
638 919 686 991 lta
709 914 760 1005 fit,
781 932 819 987 ut
840 912 951 988 omnis
976 911 1101 998 litt-170

65 1025 221 1120 gulorum
249 1028 430 1101 verborum
453 1026 559 1102 virtus
583 1045 681 1126 atque
712 1027 800 1116 laus,
825 1024 929 1098 tribus
957 1023 1033 1096 exsi-

64 1133 129 1206 slat
142 1162 183 1208 ex
208 1139 324 1212 rebus:
351 1139 375 1210 st
402 1157 458 1216 aut
482 1138 648 1213 vetustum
680 1138 822 1213 verbum
848 1137 912 1225 s1t;
939 1131 1033 1233 quod

64 1267 179 1322 tamen
201 1252 405 1326 consuetudo
429 1251 513 1325 serre
533 1251 652 1350 possit:
673 1249 859 1322 autfaetun
871 1247 926 1322 vel
947 1271 1034 1320 con·

65 1358 258 1453 iundlione,
280 1362 337 1434 vel
358 1363 527 1449 novitate3
553 1363 589 1435 in
617 1387 687 1460 quo
715 1362 796 1434 item
827 1358 874 1433 est
897 1358 1033 1455 auribus
1077 1372 1080 1376 ’

63 1467 359 1568 consuetudinique
382 1473 603 1568 parcendum:
625 1489 681 1544 aut
705 1470 916 1555 translatum
937 1467 1034 1567 quod

62 1580 210 1653 maxime
232 1598 390 1678 tanquam
408 1580 503 1657 stellis
525 1581 718 1682 quibusdam
732 1597 846 1671 notat,
859 1598 893 1654 et
905 1578 1029 1653 illumi-

10 1689 15 1702 '
62 1706 121 1764 nat
141 1691 341 1767 orationem.
447 1723 452 1733 ·

110 1805 265 1903 Sequitur
284 1804 492 1880 continuatio
513 1805 721 1908 verborum,
760 1828 844 1902 quae
871 1803 951 1877 duas
977 1827 1031 1879 res
1052 1801 1094 1880 ιιι
1129 1826 1131 1831 ·

62 1915 234 2006 maxime,
262 1915 518 1991 collocationem
542 1918 714 2015 primum,
745 1915 864 1988 deinde
888 1916 1029 1992 modum

61 2025 229 2120 quendam
259 2025 469 2125 formamque
491 2027 660 2102 desiderat.
708 2025 947 2109 Collocationis
981 2020 1030 2101 est

61 2160 272 2233 componere
296 2157 329 2209 et
355 2135 476 2210 struere
499 2139 627 2228 verbm,
658 2137 728 2222 fic,
758 2160 798 2209 ut
824 2161 910 2212 neve
936 2136 1028 2235 asper

60 2266 181 2314 eorum
202 2244 408 2334 concursus,
434 2261 521 2333 neve
555 2245 683 2320 hiulcus
700 2243 739 2316 fit
751 2269 763 2330 ;
786 2244 842 2317 sed
864 2246 1027 2341 quodam·
1066 2288 1073 2298 ·

59 2355 167 2426 modo
194 2370 442 2454 coagmentatus
464 2373 498 2427 et
520 2355 634 2430 laevis.
683 2356 721 2427 ln
745 2376 814 2451 quo
837 2352 946 2448 lepide
972 2354 1027 2429 so·

57 2467 127 2538 ceri
155 2491 223 2539 met
213 2465 378 2563 persona
395 2464 488 2538 lust
480 2491 533 2556 rs,
559 2466 617 2564 qui
633 2461 868 2569 elegantissime
890 2461 926 2535 id
938 2461 1027 2537 face-

58 2598 94 2646 re
116 2576 255 2672 potuit,
279 2577 447 2669 lucilius,

108 2690 221 2781 Quam
237 2691 334 2782 lepide
352 2693 449 2762 lexeis
472 2691 660 2793 comptylde.
656 2690 668 2740 t
691 2712 726 2762 ιιι
742 2639 894 2793 refferudte
918 2714 1026 2767 ommt

100 2795 205 2863 Eudo
219 2797 423 2888 pavimento,
449 2820 539 2891 atque
553 2802 728 2871 emblemate
741 2804 951 2875 venniculato.

55 2903 157 2993 Quae
170 2926 246 2972 cum
261 2895 414 2977 dixisset
405 2930 442 2976 ιιι
461 2905 637 2983 Albucium
663 2907 824 2997 illudens,
859 2935 944 2983 nea
968 2935 1025 2986 me

52 2999 194 3096 quidem
210 2999 412 3090 abstinuit,

108 3107 252 3207 Craffiam
274 3114 367 3183 habeo
376 3137 546 3208 generum,
572 3144 610 3188 ne
623 3117 845 3188 rhetoricotero’
861 3140 897 3188 tu
898 3117 960 3216 fis

54 3217 152 3310 Quid
166 3219 275 3316 ergo?
302 3219 360 3294 isle
374 3223 525 3311 Craffirs,
552 3227 712 3324 quoniam
728 3226 797 3299 eius
809 3227 953 3304 abuteris
966 3218 1024 3304 no·
1085 3275 1088 3281 =
1130 3248 1131 3251 ’

53 3329 167 3418 mine,
192 3330 275 3427 quid
300 3332 419 3405 efficit?
447 3333 536 3407 idem
558 3335 638 3408 illud
664 3335 806 3427 scilicet,
828 3356 866 3411 ut
888 3338 942 3412 ille
956 3365 1023 3414 vo-
1125 3388 1128 3395 ·

52 3438 138 3527 luit,
162 3459 279 3541 etego
295 3441 433 3532 vellem,
459 3443 773 3543 meliusaliquanto,
806 3471 907 3544 quam
920 3448 1022 3521 Albu-
1114 3497 1130 3509 -·

54 3550 136 3621 cius.
170 3575 289 3624 verum
304 3551 407 3625 inme
426 3555 560 3652 quidem
578 3555 651 3629 lusit
664 3556 743 3644 ille,
762 3575 800 3631 ut
816 3559 909 3635 solet
956 3557 1021 3630 Sed
1043 3551 1097 3634 ¹7²⁴

54 3659 102 3730 est
128 3678 240 3733 tamen
266 3663 348 3737 haec
382 3665 561 3738 collocatio
578 3665 805 3740 conservanda
822 3668 1033 3759 verborum·
1059 3683 1061 3688 ’

56 3776 97 3847 de
114 3802 180 3876 qua
205 3777 353 3877 loquor,
393 3807 476 3879 quae
499 3782 642 3855 iundlam
676 3782 866 3856 orationem
892 3781 1021 3875 efficit,
