2304 4304
162 264 314 422 'XT
382 275 680 395 rinnel.
764 342 769 351 ,
983 244 1028 400 ες

10 396 16 557 ἶ
42 446 188 554 pessa,
208 478 280 527 non
303 471 373 527 tam
399 455 573 546 caduceo,
595 421 709 555 quami
725 457 860 532 nornine
888 462 1033 546 oratoris

10 574 12 581 '
52 587 229 658 ornatus,
254 566 456 655 incolumis,
482 568 538 641 vel
558 569 643 640 inter
666 566 810 640 hostium
822 569 1033 658 tela‚versa·
1081 594 1085 601 ·

10 672 20 707 ²‘
55 675 114 746 ri:
140 662 242 764 tum,
268 673 325 770 qui
339 671 441 745 scelus
454 673 672 772 fraudemque
684 676 849 757 ⁴nocentis
868 679 968 773 possit
981 680 1033 752 di-

53 785 176 856 cendo
189 784 347 857 subiicere
362 784 444 855 odio
458 785 585 858 'civium
597 838 608 873 ‚
622 784 853 909 supplicioque
867 787 1034 860 constrin-

55 919 160 992 gere·
150 896 346 992 idemque
337 920 462 992 ingemi
453 895 653 991 praefidro
644 915 874 968 innocentiam
889 896 1035 968 iudicio

54 1029 137 1076 rum
138 1029 259 1120 poena
271 1005 440 1076 hberare
459 1007 615 1103 idemque
627 1007 837 1103 languentem
851 1005 1036 1077 labentem

55 1137 128 1211 que
141 1113 334 1210 populum
315 1132 371 1187 aut
383 1116 426 1187 ad
440 1114 711 1205 dementare,
725 1133 781 1187 aut
795 1116 836 1187 ab
846 1138 962 1188 errore
977 1117 1036 1188 de-

11 1292 19 1299 .
56 1223 207 1312 ducere,
220 1242 275 1296 aut
288 1209 526 1296 inflammare
517 1251 552 1296 m
573 1225 776 1322 improbos,
791 1245 847 1297 aut
860 1224 1035 1299 incitatum

54 1333 103 1407 in
116 1333 254 1422 bonon,
280 1334 457 1432 mitigare:
473 1334 531 1433 qui
558 1333 727 1432 denique,
753 1349 985 1433 quemcunque
998 1334 1035 1407 in

60 1444 182 1518 animis
199 1445 380 1517 hominum
412 1465 543 1518 motum
576 1471 629 1520 res
663 1464 702 1517 et
738 1445 831 1517 causa
865 1443 1033 1541 postulet,

62 1583 141 1630 eum
164 1559 309 1632 dicendo
330 1559 386 1634 vel
408 1558 552 1641 excitare
575 1557 699 1655 possm,
717 1557 772 1629 vel
793 1557 913 1628 sedare.
935 1559 1031 1631 Hanc
1051 1551 1102 1635 ποῖ’

59 1669 137 1743 vim
163 1669 188 1740 st
214 1670 286 1767 quis
309 1668 492 1759 existimat,
516 1687 571 1740 aut
598 1669 639 1741 ab
662 1668 724 1754 iis,
750 1666 872 1763 quide
900 1667 1032 1744 dicendi

39 1864 42 1869 ,
61 1772 194 1853 ratione
211 1779 630 1879 scripserumt‚expos1tam
651 1778 739 1862 esse,
754 1798 843 1849 auta
865 1803 920 1849 me
938 1779 1031 1874 polle

38 1966 45 1979 ,
63 1888 192 1986 exponi
216 1908 285 1963 tam
316 1890 438 1981 brevi,
466 1890 682 1963 vehementer
708 1894 819 1962 errat:
846 1914 953 1988 neque
976 1892 1031 1964 su⁴

10 1994 14 2017 *
51 2002 136 2076 lum·
155 2003 359 2077 inscientiam
377 2029 508 2088 meam,
534 2001 590 2074 sed
604 2027 646 2073 ne
659 2003 921 2125 rerumquidem
936 2031 1031 2103 mag*

16 2114 22 2125 ’
61 2113 247 2207 niurdinem
270 2108 434 2210 perspicit.
465 2112 626 2210 Equidem
655 2111 771 2204 vobis,
798 2112 958 2242 quoniam
984 2113 1031 2185 ita

17 2238 23 2313 'j
53 2224 252 2316 voluistis,
270 2225 411 2313 fontes,
437 2227 524 2298 unde
550 2225 754 2315 hauriretis,
784 2249 883 2324 atque
912 2227 1031 2300 itinera

61 2324 153 2428 ipsa,
181 2333 234 2425 ita
248 2332 365 2429 putavi
398 2333 462 2405 effe
489 2333 769 2430 demonstranda;
797 2357 868 2402 non
898 2355 936 2402 ut
963 2331 1032 2425 ipse

31 2517 32 2520 ,
64 2443 131 2512 dux
152 2420 276 2532 essem,
306 2441 431 2541 (quod
448 2463 482 2513 et
501 2440 669 2512 infinitum
683 2438 753 2528 est,
768 2456 801 2509 et
824 2463 896 2510 non
918 2437 1030 2510 neces·

63 2549 227 2650 sarium,)
243 2551 299 2623 sed
315 2570 352 2624 ut
372 2548 673 2625 commonstrarem
691 2539 820 2633 tantum
843 2547 955 2638 viarm,
974 2571 1028 2639 et,

64 2683 111 2740 ut
120 2663 194 2739 fieri
214 2664 297 2738 solet
309 2665 484 2764 ‚digitum
499 2663 541 2734 ad
559 2660 669 2734 fontes
690 2661 905 2734 intenderem
941 2662 1027 2735 Mihi
1044 2685 1095 2758 47

60 2797 160 2866 uero,
169 2774 278 2873 inquit
287 2778 434 2868 Mucius,
447 2777 521 2851 satis
530 2778 690 2873 superque
699 2777 755 2848 abs
764 2793 796 2847 te
806 2776 939 2848 videtur
952 2775 1027 2848 isto·
1042 2797 1091 2849 ²04

62 2912 136 2958 rum
149 2886 281 2976 ludas,
294 2886 318 2959 s1
332 2889 437 2961 modo
451 2888 523 2963 sunt
540 2885 672 2959 studiosr
681 2940 693 2973 ,
708 2885 770 2957 esse
781 2885 914 2958 fastum.
936 2911 1027 2978 nam,

62 3015 98 3068 ut
119 2999 291 3068 Socratem
309 2996 401 3068 illum
425 2997 555 3070 solitmn
573 2996 663 3069 aiunt
685 2994 820 3082 dicere,
841 2993 1025 3089 perfetum

61 3108 121 3179 fibi
149 3095 233 3204 opus
256 3108 342 3199 esse,
365 3107 481 3205 saquis
501 3107 576 3181 satis
599 3106 678 3179 effer
693 3104 876 3177 concitatus
899 3103 1027 3175 cohor-

50 3213 187 3295 :tatione
213 3216 268 3288 sua
284 3217 326 3289 ad
345 3216 486 3290 studium
513 3214 759 3314 cognoscendae
780 3212 1024 3311 percipiendae-

61 3349 126 3420 que
154 3325 286 3400 vittutis
301 3351 311 3395 ε
329 3324 351 3426 (
364 3322 590 3424 quibus'enim
606 3325 642 3396 id
654 3324 840 3420 persuasum
860 3323 960 3414 esset,
986 3348 1024 3401 ut

62 3432 143 3505 nihil
170 3435 304 3508 mallent
325 3435 357 3508 se
376 3435 461 3526 esse,
482 3452 584 3532 quam
606 3431 714 3503 bonos
740 3431 857 3522 viros,
884 3433 923 3504 iis
946 3434 1023 3505 reli-

58 3568 168 3662 quam
184 3545 331 3620 facilem
337 3545 403 3619 elle
425 3541 1023 3643 doctrinan.)ficego1ntel1gos1

62 3649 98 3722 in
123 3654 232 3745 haec,
254 3680 355 3754 quae
353 3653 517 3764 patefecit
541 3654 693 3727 oratione
714 3653 775 3727 sua
791 3649 978 3738 Crassus,
969 3665 1031 3725 1n·'.

61 3784 148 3836 trare
174 3762 372 3850 volueritis3
397 3752 552 3837 facillime
577 3788 642 3838 vos
665 3765 707 3836 ad
734 3787 797 3853 ea,
816 3786 900 3855 quae
927 3759 1021 3857 cupi·

21 3883 25 3894 '
116 3865 212 3934 Cicer
239 3864 331 3955 Opcr
355 3866 428 3934 Vol.
406 3863 499 3931 ΙΙΙ.
825 3861 854 3928 Ε
