2304 4304
394 288 619 364 t1uau
669 296 694 365 t.
789 372 792 379 ,
1012 328 1028 401 5

61 451 160 525 states
179 451 382 527 exstiterunt.
402 455 520 553 Neque
535 480 620 527 vero
639 457 737 531 nobis
760 459 967 555 cupientibus
982 486 1032 535 at·

62 589 129 661 que
147 565 382 662 exoptantibus
403 563 527 637 sruslus
544 566 607 638 otii
624 567 717 639 datus
735 566 781 638 est
799 571 841 641 ad
859 596 912 641 eas
931 592 1031 663 artes,

62 673 221 769 quibusa
247 674 358 770 pueris
384 674 488 775 dediti
513 673 657 767 fuimus,
684 676 915 768 celebrandas,
944 682 1031 753 iuter

62 809 192 883 nosque
208 788 412 860 recolendas.
435 790 522 860 Nam
542 788 649 885 prima
673 805 779 860 aetate
802 787 976 864 incidimus
993 794 1061 869 ins

63 895 167 990 ipsam
193 898 477 993 perturbationem
505 899 694 996 disciplinae
720 898 865 972 veteris:
887 922 920 973 et
945 927 1030 973 con-

62 1002 166 1077 sulatu
193 1006 387 1080 devenimus
408 1008 443 1078 in
468 1009 615 1079 meditun
641 1032 754 1080 rerum
780 1007 933 1079 omnium
960 1033 1030 1080 cer·
1095 1084 1100 1097 ⁸

61 1131 174 1186 tamen
197 1133 297 1214 atque
320 1114 511 1189 discrimen:
535 1138 567 1189 et
590 1117 657 1190 hoc
679 1135 808 1213 tempus
831 1141 934 1189 omne
956 1117 1030 1213 post

61 1226 269 1300 consulatum
296 1227 480 1306 obiecimus
511 1226 550 1300 iis
576 1226 746 1315 lluslibus,
774 1229 852 1326 qui,
879 1255 940 1325 per
967 1253 1030 1303 nos

63 1359 83 1405 a
110 1338 281 1410 communi
309 1336 398 1435 pelle
425 1335 568 1433 deptdli,
594 1337 630 1408 in
657 1335 876 1433 nosmetipsos
902 1340 1029 1411 redun-

61 1447 191 1522 darunt.
216 1450 280 1522 Sed
304 1468 416 1522 tamen
438 1449 473 1520 in
499 1448 549 1520 his
567 1449 623 1523 vel
649 1447 874 1546 asperitatibus
902 1475 1028 1542 rerum,

61 1562 118 1632 vel
134 1562 288 1662 angustiis
306 1551 486 1659 temporis,
509 1548 672 1659 obsequar
694 1561 967 1648 studiis-nostris,¹
979 1583 1026 1653 et,

61 1696 222 1774 quantum
248 1678 332 1750 mihi
360 1677 417 1750 vel
448 1675 538 1748 fraus
563 1675 801 1765 inimicorum,
828 1675 884 1748 vel
912 1674 1027 1748 causae

62 1792 265 1883 amicorum,
286 1791 343 1866 vel
365 1789 545 1887 respublica
568 1788 690 1861 tribuet
712 1787 792 1873 otii,
817 1786 859 1858 ad
880 1785 1026 1859 scriben-

60 1899 141 1970 dum
166 1901 369 1997 potissimum
390 1898 573 1974 conferam.
601 1899 681 1972 Tibi
694 1922 797 1988 vero,
819 1895 944 1988 frater,
966 1923 1056 1976 ne·4

58 2036 127 2108 que
158 2012 306 2085 hortanti
340 2015 463 2101 deero,
495 2036 602 2110 neque
635 2011 776 2110 roganti.
808 2037 885 2082 nam
916 2036 1026 2107 neque

60 2125 255 2197 austolirate
281 2123 452 2222 quisquam
477 2123 563 2221 apud
585 2146 638 2194 me
664 2122 737 2218 plus
759 2122 870 2195 valere
897 2145 930 2193 te
958 2145 1025 2216 po·

61 2235 137 2323 tell,
165 2261 273 2335 neque
299 2236 555 2308 voluntatem
584 2233 666 2306 milri
694 2231 873 2329 repetenda
900 2229 946 2300 est
969 2250 1062 2303 ve·2

62 2347 145 2418 teris
159 2346 329 2421 cuiusdam
342 2344 523 2418 memoriae
537 2369 607 2416 non
623 2342 697 2414 sane
710 2341 785 2413 satis
799 2339 960 2435 explicata
974 2362 1027 2408 re-

61 2456 233 2546 cordatiO,
248 2456 322 2547 sed,
331 2439 368 2529 us
379 2456 546 2544 arbitror,
561 2471 637 2549 apta
647 2452 688 2523 ad
701 2451 754 2541 id,
767 2448 861 2546 quod
874 2446 1026 2545 requiris,

61 2587 98 2640 ut
125 2572 328 2668 cognoscas,
355 2596 439 2670 quae
467 2569 535 2643 viri
563 2567 715 2638 omnium
744 2562 1026 2663 eloquentissimi,

61 2679 294 2780 clarissimique
319 2682 476 2756 senserint
507 2685 549 2756 de
581 2681 674 2752 omni
708 2679 837 2752 ratione
869 2678 1025 2750 dicendi.

62 2788 124 2860 Vis
146 2789 257 2881 enim,
272 2815 307 2863 ut
320 2792 403 2862 mihi
424 2789 518 2886 saepe
541 2787 669 2874 dixisti3
684 2788 842 2886 quoniam
856 2810 940 2883 quae
963 2800 1025 2879 pu·
1040 2823 1051 2871 ς

61 2899 148 2988 eris,
174 2924 230 2972 aut
259 2901 506 2973 adolescentulis
537 2898 633 2972 nobis
663 2924 706 2977 ,ex
738 2895 1029 2971 commentariolis¹

62 3006 182 3080 noslris
202 3009 357 3082 inchoata
381 3034 418 3081 ac
444 3009 537 3080 rudia
560 3007 773 3096 exciderunt,
795 3009 857 3081 vix
880 3010 942 3083 hac
966 3034 1024 3081 ae-

62 3133 131 3187 tate
148 3117 260 3214 digna,
278 3135 311 3190 et
329 3118 396 3195 hoc
414 3115 493 3203 usu,
512 3142 612 3215 quem
632 3141 674 3188 ex
693 3115 816 3205 causrs,
835 3144 915 3216 quas
935 3118 1023 3190 dixi·
1080 3204 1084 3211 q

63 3251 157 3314 mus,
167 3245 221 3299 tot
238 3227 399 3325 tantisque
409 3225 577 3300 consecuti
591 3226 715 3313 sumus3
727 3227 849 3325 aliquid
859 3228 972 3300 iisdem
985 3231 1026 3301 de

62 3339 162 3410 rebus
173 3340 306 3436 politius
316 3366 335 3412 a
347 3341 442 3414 nobis
452 3338 689 3437 persediusque
699 3340 844 3436 proferri
856 3370 863 3413 ε
876 3341 1028 3439 solesque·

25 3511 28 3516 .
67 3477 306 3551 nonnunquam
324 3455 386 3528 bac
405 3456 445 3527 de
464 3479 500 3526 re
513 3479 531 3525 a
544 3477 599 3525 me
618 3453 653 3524 in
671 3453 942 3550 disputationibus
965 3483 1025 3526 no-

66 3560 139 3634 stris
161 3564 347 3654 dissentire,
369 3566 463 3665 quod
485 3589 549 3662 ego
572 3565 895 3661 prudentislimorum
917 3568 1027 3638 homi·

66 3698 146 3744 num
166 3677 288 3750 artibus
307 3668 533 3775 eloquentiam
549 3678 713 3751 contineri
733 3677 888 3762 slatuan13
912 3698 948 3747 tu
966 3705 1024 3750 au-

56 3798 134 3861 ·'tem
151 3786 238 3862 illam
260 3790 302 3862 ab
323 3789 482 3888 elegantia
509 3787 676 3863 doslrinae
703 3788 935 3888 segregandam
962 3814 1030 3885 pum

795 3887 870 3985 Ac,
