2302 4304
30 402 35 409 ¹
147 333 188 384 η
275 353 284 370 .
379 306 887 382 beorna-ona

141 454 334 558 dicebatur,
365 489 398 543 et
426 474 473 542 Μ.
500 470 681 573 Antoriius,
702 471 809 543 homo
832 492 866 544 et
887 468 1109 544 consiliorum

142 581 177 651 in
199 580 366 676 republica
392 579 521 668 socius,
549 600 583 654 et
607 580 733 652 summa
759 608 835 655 cum
859 581 976 654 Crasso
1003 582 1105 656 fami·
1142 652 1145 657 .

94 726 122 778 25
142 685 280 766 liaritate
318 694 521 767 coniunslus.
568 694 724 766 Exierant
763 717 873 768 autem
913 723 989 770 cum
1028 696 1104 793 ipso

142 803 260 876 Crasso
282 805 500 879 adolescentes
519 806 604 897 duo,
626 806 727 879 Drufi
744 808 887 880 maxime
899 805 1104 898 familiareS,
1147 796 1150 805 ¹

143 935 177 988 et
198 919 233 989 in
254 919 371 1017 quibus
389 942 542 1017 magnam
563 939 635 992 tum
650 919 740 1016 spem
762 920 905 992 maiores
927 939 1005 992 natu
1027 914 1106 1018 dig·

142 1027 252 1101 nitatis
279 1026 352 1100 suae
379 1026 605 1115 collocarant,
634 1028 674 1100 C.
701 1028 827 1114 Cotta,
862 1027 920 1125 qui
946 1024 1018 1102 tum
1042 1029 1104 1100 tri·
1134 1046 1137 1055 ·

143 1136 300 1209 bimatum
327 1135 431 1232 plebis
449 1136 601 1233 petebat,
626 1155 660 1210 et
678 1139 712 1210 P.
734 1135 914 1234 Sulpicius,
935 1137 993 1235 qui
1006 1136 1105 1209 dein-

93 1273 127 1322 ·26
144 1271 220 1341 ceps
233 1271 308 1318 eum
318 1246 541 1344 magistratum
555 1249 714 1345 petiturus
727 1251 910 1347 putabatur.
929 1250 974 1322 Hi
990 1248 1106 1347 primo

144 1357 197 1429 die
220 1356 260 1427 de
281 1356 486 1453 temporibus
505 1357 586 1448 illis,
608 1360 715 1458 deque
738 1358 890 1434 universa
916 1359 1108 1457 republica,

49 1482 53 1491 '
144 1480 243 1566 quam
266 1466 312 1537 ob
334 1466 460 1540 causam
478 1488 660 1560 venerant,
683 1472 822 1543 mtdtum
842 1471 926 1543 inter
953 1471 985 1542 se
1002 1471 1106 1570 usque

145 1576 187 1648 ad
221 1598 406 1649 extremmn
438 1598 568 1674 tempus
601 1578 667 1651 diei
701 1579 859 1652 collocuti
895 1578 978 1653 sunt.
1022 1581 1129 1674 Quo*

145 1687 279 1785 quidem
310 1687 345 1759 in
373 1685 523 1760 sermone
560 1690 661 1763 multa
688 1690 844 1763 divinitus
872 1717 890 1762 a
915 1691 1018 1763 tribus
1046 1692 1109 1766 illis

66 1835 69 1842 ·
144 1794 369 1868 consularibus
392 1795 497 1868 Cotta
521 1798 689 1894 deplorata
705 1819 737 1872 et
759 1819 1021 1872 commemorata
1035 1825 1108 1873 nar·

42 1895 51 1999 ¹⁴
147 1905 255 1992 rabat,
274 1923 311 1978 ut
328 1905 409 1976 nihil
427 1906 589 1980 incidisset
609 1908 722 2004 postea
741 1909 868 1982 civitati
884 1909 988 2010 mali,
1014 1911 1109 2007 quod

98 2047 130 2097 27
147 2045 222 2104 uon¹
238 2018 429 2116 impendere
451 2018 497 2090 illi
522 2038 615 2091 tanto
635 2037 709 2091 ante
731 2019 886 2093 vidissent
906 2049 914 2092 τ
938 2046 980 2093 eo
998 2041 1108 2094 autem

148 2132 243 2228 omni
268 2132 419 2206 sermone
446 2131 623 2222 confecto,
643 2151 769 2206 tantam
788 2135 823 2205 in
849 2133 967 2206 Crasso
989 2135 1110 2207 huma·

149 2246 285 2319 nitatem
307 2244 427 2334 fuiffe,
455 2261 508 2334 ut,
544 2270 621 2317 cum
651 2243 730 2317 lauti
762 2246 1007 2335 accubuissent,
1036 2247 1110 2319 tol·

148 2356 269 2430 leretur
291 2354 401 2427 omnis
421 2352 475 2425 illa
497 2351 674 2450 superioris
699 2351 828 2425 tristitia
849 2353 1036 2446 sermonis,
1055 2380 1112 2427 ea-

149 2494 214 2566 que
241 2468 321 2542 elset
346 2467 382 2539 in
408 2463 544 2539 homine
571 2462 779 2554 iucunditas,
803 2482 836 2537 et
861 2482 969 2537 tantus
996 2468 1031 2536 in
1055 2467 1112 2538 io·

91 2633 100 2689 5
151 2578 258 2650 cando
281 2576 397 2672 lepos,
424 2599 461 2646 ut
479 2574 546 2646 dies
569 2573 736 2647 intereos
765 2574 875 2646 curiae
896 2573 991 2646 fuisse
1019 2575 1112 2649 vide·

101 2709 132 2762 28
151 2706 264 2778 retur,
291 2684 490 2760 convivium
515 2684 702 2773 Tusculani.
729 2685 866 2758 Postero
886 2688 1002 2759 'autem
1031 2687 1112 2777 die,

152 2825 229 2872 cum
252 2797 297 2870 illi
324 2795 465 2868 maiores
484 2784 663 2866 nam'satis
687 2795 868 2893 quiessent,
890 2797 975 2870 etin
999 2798 1113 2870 ambu-

148 2911 308 2988 lationem
331 2929 470 2992 ventum
493 2905 592 2992 effet3
615 2907 745 2980 dicebat
772 2926 842 2980 tum
857 2963 869 2998 ‚
882 2907 1112 2999 Scaevolam,

153 3019 282 3092 duobus
309 3017 418 3115 spatiis
443 3005 592 3088 tribusve
627 3015 743 3106 fadis,
771 3014 886 3088 ditiffe
912 3044 920 3088 :
948 3017 1019 3087 Cur
1042 3042 1113 3087 non

152 3130 345 3220 imitamur,
372 3126 509 3214 Crasse,
539 3128 708 3200 Socratem
750 3124 867 3216 illum,
902 3127 960 3225 qui
1000 3125 1047 3197 est
1079 3128 1113 3198 in

151 3242 303 3325 Phaedro
342 3238 516 3314 Platonis?
555 3265 630 3312 nam
665 3263 719 3311 me
748 3239 835 3311 haec
875 3261 930 3311 tua
966 3238 1115 3334 platanus

57 3378 72 3439 ·,
154 3350 346 3435 admonuit3
359 3341 362 3345 ¹
377 3375 461 3446 quae
497 3373 567 3420 non
593 3351 700 3421 minus
727 3349 768 3419 ad
790 3348 997 3444 opacandum
1025 3349 1115 3421 hunc

153 3466 266 3538 locum
288 3461 404 3557 patulis
431 3461 478 3534 esl
504 3460 618 3553 diffilsa
644 3461 769 3550 ramis,
799 3486 898 3557 quam
921 3460 994 3549 illa,
1023 3460 1115 3533 cuius

153 3572 305 3646 umbram
331 3571 457 3665 secutus
484 3570 531 3644 est
553 3575 729 3661 Socrate5‚
755 3595 839 3668 quae
875 3569 958 3642 mihi
980 3570 1115 3643 videtur

48 3682 50 3686 ¹
107 3757 113 3763 .
154 3712 233 3761 non·
248 3705 314 3756 tam
332 3681 397 3779 ipsa
417 3684 556 3780 aquilla,
579 3709 662 3781 quae
685 3683 899 3771 describitur,
921 3708 1019 3780 quam
1042 3683 1116 3755 Pla·

24 3852 34 3867 ..
148 3794 242 3870 tonis
277 3792 430 3873 oratione
458 3793 633 3870 crevisse:
661 3815 715 3887 et,
743 3795 836 3893 quod
863 3795 915 3867 ille
941 3793 1118 3883 durislimis'v
