2302 4304
364 311 770 388 tranunt·
904 276 1018 415 ''287

61 462 210 557 peritum
226 469 422 562 hominem,
458 473 515 570 qui
538 474 665 548 inflaret
692 474 839 548 celeriter
864 501 940 550 eum
961 479 1018 554 so·

62 597 175 666 num,
201 603 270 704 quo
301 579 390 653 illurn
417 599 473 654 aut
501 581 667 655 remilium
703 583 887 677 excitaret,
917 607 1018 660 auta

62 690 279 762 contentione
301 708 483 765 revocaret.
527 691 651 767 Audivi
677 692 916 781 ιιιεΙιειειιΙε,’
907 697 1018 794 inquit

64 791 229 887 Catulus,
280 815 314 869 et
344 797 436 895 saepe
458 797 530 872 sum
561 799 737 876 admiratus
767 801 911 877 hominis
937 830 1015 878 cum

64 904 300 1005 diligentiam,
339 931 410 982 tum
434 911 532 984 etiam
566 911 747 986 doctrinam
781 934 815 986 et
843 914 1019 989 scientiam

64 1020 142 1118 Ego
165 1044 276 1112 vero,
303 1019 410 1120 inquit
430 1022 577 1113 Craffm,
599 1046 638 1096 ac
647 1021 747 1095 doleo
763 1022 922 1119 quidem,
946 1024 1019 1097 illos
1035 1021 1082 1082 22⁸

65 1131 162 1207 viros
178 1132 214 1204 in
235 1157 308 1206 earn
327 1133 478 1206 fraudem
502 1133 539 1205 in
559 1131 725 1231 republica
747 1131 812 1204 elle
849 1132 1020 1229 delapsos:

65 1265 266 1340 quamquam
298 1267 338 1314 ea
359 1241 422 1315 tela
444 1240 586 1332 texitur,
624 1258 659 1312 et
683 1264 723 1313 ea
738 1238 893 1313 incitatur
911 1242 954 1312 in
971 1244 1021 1316 ci·
1110 1261 1112 1267 ’

65 1347 174 1424 vitate
194 1349 279 1424 ratio
299 1349 455 1440 vivendi,
476 1375 515 1424 ac
537 1344 718 1448 posteritati
736 1348 946 1442 ostenditur,
982 1369 1021 1428 ut

65 1483 185 1532 eorum
211 1459 364 1549 civium,
388 1482 472 1556 quos
493 1457 598 1544 nostri
618 1476 725 1557 patres
758 1484 828 1534 non
854 1461 1021 1550 tulerunt,
1104 1482 1118 1505 ⁹

65 1564 133 1642 iam
157 1567 273 1642 linriles
319 1568 438 1640 habere
468 1568 646 1666 cupiamus.
699 1568 824 1660 Mitte,
858 1570 1032 1666 obsecrog·
1069 1574 1092 1627 '·

65 1675 196 1774 inquit,
222 1673 360 1767 Cralle,
385 1675 508 1766 lutus,
538 1676 723 1748 sermonem
748 1623 868 1768 illuin,
890 1695 923 1750 et
935 1698 968 1752 te
978 1676 1085 1754 ad

65 1783 213 1857 Gracchi
238 1729 374 1856 fistulam
400 1781 516 1869 refer;
541 1784 633 1857 cuius
662 1805 727 1882 ego
749 1787 898 1858 nondum
923 1787 1020 1885 plane

65 1889 231 1961 rationem
256 1887 416 1987 intelligo.
448 1892 486 1961 In
503 1882 597 1962 omni
609 1913 717 1985 voce,
742 1891 849 2015 inquit
868 1894 1018 2021 Crallusn,
1035 1904 1080 1975 61

65 1998 114 2072 est
145 1998 314 2098 quoddam
344 1998 510 2085 medium,
555 1997 610 2073 sed
642 1999 734 2071 suum
775 2002 893 2099 cuique
926 2006 1017 2079 voci
1035 2035 1082 2091 ιη

65 2105 146 2180 hinc
168 2106 326 2208 gradatim
356 2108 525 2182 ascendere
543 2132 665 2183 vocem
682 2106 760 2180 utile
786 2125 819 2180 et
839 2109 937 2184 suave
961 2111 1019 2184 est.

64 2219 156 2292 Nam
180 2244 200 2291 a
226 2218 392 2316 principio
421 2218 584 2309 clamare,
610 2217 731 2316 agreste
764 2219 921 2316 quiddam
950 2221 1019 2312 est,

65 2350 101 2401 et
125 2328 214 2401 idem
246 2328 327 2401 illud
358 2328 400 2400 ad
419 2326 619 2403 ,firmandam
648 2325 694 2398 est
725 2350 848 2399 vocem
874 2328 1020 2404 salutare.

65 2440 202 2519 Deinde
211 2437 258 2512 est
267 2429 421 2536 quiddam
437 2432 658 2509 contentionis
685 2431 1019 2532 extremum,(quod
1112 2487 1120 2490 -

65 2567 179 2622 tamen
214 2548 349 2622 interius
378 2546 452 2638 est,
480 2556 579 2643 quam
611 2541 808 2615 acruiffnnus
838 2543 1019 2644 clamor,)

66 2684 138 2757 quo
162 2681 196 2732 te
211 2657 325 2731 ‘fistula
352 2655 509 2757 progredi
540 2677 611 2726 non
642 2654 722 2726 finer
734 2705 747 2744 ,
783 2671 952 2727 ettamen
978 2658 1021 2730 ab

66 2770 136 2869 ipsa
151 2773 364 2847 contentione
390 2767 571 2848 revocabit
607 2766 695 2840 Est
685 2757 765 2841 rtem
786 2784 902 2841 contra
920 2770 1070 2871 quid

67 2884 180 2957 dam
169 2911 205 2958 m
228 2886 414 2961 remiffione
434 2882 680 2985 graviffimum,
707 2903 841 2980 quoque
865 2896 1049 2978 tanquam

66 2992 227 3069 sonorum
253 2996 406 3095 gradibus
428 2993 641 3069 descenditur
686 2991 776 3065 Haec
801 2989 962 3079 varietas,
988 3007 1022 3062 et

67 3106 122 3180 hic
151 3133 211 3205 per
237 3133 353 3181 omnes
376 3107 475 3180 sonos
503 3100 599 3180 vocis
626 3104 761 3192 cursus,
791 3118 824 3174 et
851 3103 883 3174 le
910 3103 1022 3176 tuebi-

68 3239 147 3310 tur,
166 3238 200 3296 et
220 3219 341 3292 adioni
364 3216 477 3291 afferet
502 3216 706 3290 navitatem
731 3215 796 3286 Sed
811 3204 1022 3289 fistulatorem

68 3337 164 3419 domi
185 3334 396 3434 relinquent,
424 3330 549 3404 sensum
569 3327 665 3401 huius
687 3325 929 3410 consuetudinis
955 3352 1031 3402 vo·

68 3453 194 3527 biscum
216 3450 257 3522 ad
282 3448 394 3520 forum
419 3442 581 3517 deferetis
1105 3452 1108 3460 '

116 3561 237 3651 Edidi‚
259 3580 344 3658 quae
370 3555 491 3655 potui,
529 3578 599 3626 non
625 3569 662 3625 ut
687 3548 802 3639 volui,
826 3547 881 3621 sed
907 3570 944 3619 ut
971 3568 1024 3618 nte
1040 3564 1092 3620 nt

68 3667 230 3766 temporis
260 3663 423 3792 angustiae
457 3682 647 3758 coegerunt.
674 3659 797 3731 Scitum
830 3657 876 3728 est
910 3655 1025 3751 enim,

69 3780 199 3878 causam
228 3775 447 3867 conferrem
475 3794 623 3894 tempus,
648 3796 726 3855 cum
753 3769 869 3854 afferre
906 3771 1025 3868 plura,

1049 4000 1089 4040 A
