2302 4304
148 323 193 400 72
373 239 880 375 Duounrouu
964 272 968 278 ’

147 482 255 531 autem
270 461 382 532 omnia
396 461 476 532 haec
484 486 593 557 ,quae
615 482 770 558 putantur
783 463 819 537 in
832 463 1003 572 commupi
1019 454 1109 542 vitae

98 590 102 597 ·
146 566 414 657 consuetudine,
428 570 512 642 mala
525 595 564 645 ac
577 571 732 657 molesia
756 551 976 671 etfugienda,
999 581 1110 652 multo
1128 626 1132 635 ·

20 714 51 764 ·‚
145 681 273 759 maiora
297 704 330 754 et
344 682 514 755 acerbiora
528 684 640 755 verbis
658 683 755 756 sacit:
780 687 926 783 itemque
939 714 999 777 ea,
1022 670 1110 788 quae

146 796 251 893 vulgo
263 798 446 892 expetenda
467 815 564 894 atque
577 797 736 893 optabilia
757 798 937 884 videntur,
962 800 1108 875 dicendo

109 927 114 938 ’
144 912 322 1016 amplificat
344 932 442 1010 atque
465 937 584 987 ornat:
610 939 716 1012 neque
733 916 806 987 vult
823 915 867 987 ita
882 915 1008 1012 sapiens
1020 915 1111 987 inter
1131 935 1135 943 ’

29 1090 32 1101 .
146 1025 259 1100 stultos
272 1027 396 1117 videri,
421 1028 490 1117 uti,
515 1029 572 1124 qui
585 1029 738 1115 audiant,
772 1051 827 1100 aut
839 1029 987 1124 ineptum
1014 1029 1109 1100 illum

140 1163 179 1213 et
192 1141 390 1213 Graeculum
404 1159 539 1265 putent,
554 1140 768 1230 aut',etiams1
782 1141 878 1214 valde
892 1136 1060 1237 probent
1051 1165 1109 1212 1n·

85 1284 88 1289 ·
74 1250 278 1348 genium
296 1252 458 1338 oratoris,
500 1197 690 1348 sapientiam
717 1252 952 1336 admirentur,
983 1247 1016 1323 se
1040 1241 1109 1322 este

78 1388 125 1430 222
131 1361 259 1434 slultos
281 1361 415 1434 moleste
435 1362 566 1446 ferant3
592 1361 671 1433 sed
663 1384 707 1434 rta
729 1370 880 1458 peragrat
901 1384 961 1454 per
975 1358 1109 1433 animos

146 1467 320 1546 hominum
333 1522 345 1555 ,
370 1469 414 1541 ita
427 1468 534 1543 sensus
548 1467 741 1564 mentesque
750 1467 950 1562 pertradat,
982 1481 1021 1534 ut
1035 1457 1108 1537 non

76 1614 78 1619 ·
146 1578 305 1654 desideret
331 1579 608 1677 philosophorum
633 1575 890 1673 descriptiones,
915 1598 1023 1670 neque
1045 1597 1109 1645 ex-

144 1694 254 1790 quirat
278 1695 456 1783 oratione,
480 1691 643 1775 summum
661 1690 740 1762 illud
759 1688 934 1762 bonumin
946 1687 1107 1787 animone
1136 1682 1139 1687 ¹

144 1803 205 1894 sit,
230 1829 271 1876 an
294 1804 330 1876 in
356 1830 524 1902 corpore:
550 1804 693 1901 virtute,
716 1828 757 1873 an
771 1804 943 1896 voluptate
966 1797 1108 1871 definia-

143 1933 199 1984 tur
214 1939 224 1983 :
248 1938 290 1984 an
304 1913 385 1986 haec
403 1915 488 1985 inter
502 1912 533 1984 se
547 1912 638 2010 iungi
652 1909 864 2007 copularique
889 1907 1010 2003 poslint
1025 1935 1035 1979 ε
1062 1935 1106 1982 an

145 2046 252 2108 veto,
289 2044 326 2095 ut
351 2016 542 2120 quibusdam
564 2020 693 2108 visum,
732 2018 815 2089 nihil
852 2034 976 2088 certum
1000 2014 1105 2109 sciri,

32 2133 34 2136 ⁴
142 2131 226 2208 nhil
241 2133 336 2229 plane
346 2131 503 2232 cognosci
516 2155 550 2204 et
562 2131 691 2228 percipi
704 2130 822 2226 poffit:
838 2154 975 2226 quarum
991 2150 1111 2202 renun'

144 2236 254 2313 fateor
276 2265 454 2339 magnam,
476 2237 755 2334 multiplicemque
773 2237 847 2308 esse
870 2234 1104 2332 disciplinam,

25 2430 29 2440 ,
76 2367 124 2421 2²3
145 2361 179 2416 et
200 2346 335 2441 multas,
363 2343 540 2444 copiosas,
563 2345 736 2442 variasque
770 2345 923 2416 rationes.
960 2343 1015 2414 sed
1043 2343 1117 2417 ali-·

37 2525 47 2547 ,
145 2460 190 2531 ud
217 2463 398 2560 quiddam,
422 2463 521 2560 longe
545 2461 656 2551 aliud,
681 2459 820 2554 Crasse,
845 2457 1044 2556 quaerimus.
1066 2484 1105 2529 a-

55 2602 58 2608 ·
145 2591 225 2643 curo
247 2568 382 2646 homine
405 2577 500 2648 nobis
516 2601 600 2673 opus
622 2515 688 2663 esi,
713 2592 746 2646 et
761 2593 874 2645 natura
896 2571 1019 2668 usuque
1036 2573 1104 2644 cal

128 2670 240 2769 lido,
264 2708 321 2778 qm
311 2681 498 2778 sagaciter
520 2681 738 2778 pervestiget,
764 2672 843 2777 quid
857 2678 945 2749 sui
918 2704 1032 2765 cives,
1057 2680 1103 2750 ii

75 2812 210 2884 que
228 2789 380 2862 homines
403 2841 414 2878 ,
451 2788 571 2886 quibus
590 2788 716 2916 aliquid
744 2790 885 2870 dicendo
907 2786 1105 2884 persuadere
1135 2822 1137 2826 >

110 2898 253 2990 'velit,
277 2901 448 2997 cogitent,
473 2899 612 2971 sentiant
623 2902 862 2997 ,opinenrur,
901 2899 1101 2994 exspectent.

81 3031 124 3109 52
144 2955 273 3085 Teneit
287 3031 422 3109 oportet
434 3036 535 3085 venas
554 2956 730 3110 cuitimu'e
725 3014 871 3112 generis,
896 3011 1032 3096 aeraria,
1047 3036 1104 3082 or
1134 3018 1136 3022 ’

145 3119 245 3213 dinis,
255 3146 288 3195 et
301 3144 428 3208 eorum,
440 3120 525 3216 apud
539 3145 624 3217 quos
636 3122 756 3220 aliquid
771 3146 856 3220 aget,
870 3142 924 3197 aut
937 3122 1000 3193 erit
1014 3064 1105 3195 idn
1122 3179 1131 3199 .

77 3251 125 3300 224
144 3257 223 3318 rus,
247 3255 396 3326 mentes,
422 3233 591 3332 senstuque
615 3235 783 3334 degustet:
822 3222 1112 3343 philosophorum

143 3333 251 3412 autem
274 3345 376 3418 libros
401 3343 547 3419 reservet
574 3344 632 3417 srbi
652 3346 693 3417 ad
724 3337 952 3421 huiuscemodi
969 3331 1102 3415 Tuscu

142 3447 210 3519 lani
235 3455 382 3547 requiem
401 3474 498 3550 atque
514 3455 651 3546 otium,
677 3483 718 3528 ne
731 3510 742 3543 ,
770 3455 793 3525 fi
818 3456 952 3552 quando
989 3454 1020 3526 ei
1045 3455 1099 3525 di

97 3609 101 3615 -
141 3560 283 3636 cendum
306 3562 368 3634 erit
389 3565 429 3635 de
447 3565 565 3636 iustitia
585 3583 618 3639 et
641 3565 729 3655 side,
749 3586 921 3650 ,mutuetur
942 3589 960 3634 a
987 3563 1104 3636 Plato-·

44 3701 47 3709 ·
143 3697 210 3771 ne,
236 3673 319 3772 qui,
343 3700 419 3747 cum
446 3675 526 3747 haec
542 3679 769 3772 exprimenda
782 3676 894 3751 verbis
917 3676 1097 3748 arbitrare·

142 3773 214 3878 tur,
251 3813 375 3894 novam
399 3787 562 3887 quandam
594 3787 689 3865 finxit
712 3790 859 3871 inlibris
895 3788 1097 3887 civitatemt
