2302 4304
131 250 139 265 ⁸
224 296 226 302 ’
316 392 319 397 ,
405 260 730 399 rinnau.
963 315 1031 409 ,ιγ

59 475 135 575 pius
157 478 288 552 oratori
302 475 325 565 ,'
343 479 490 554 nocuille
514 476 624 550 videri
652 475 787 561 causae,
826 492 925 574 quam
961 501 1030 550 non

60 587 248 685 profuille,¹
288 590 352 662 Sed
369 590 450 688 quid
464 588 623 662 hocloco
637 611 701 660 vos
717 588 802 658 inter
816 613 896 677 vos,
925 589 1030 660 Catu-
1049 609 1096 681 73

61 699 119 769 le?
144 714 194 770 'an
208 699 313 786 haec,
335 699 373 773 ut
393 698 466 774 sunt
492 700 752 789 contemnenda,
787 698 1030 772 contemnitis?

62 804 231 894 Minime,
250 804 358 904 inquit
378 806 456 879 ille:
482 805 537 877 sed
552 805 673 877 Caesar
694 807 735 878 de
754 806 824 879 illo
850 806 924 903 ipso
934 808 1032 904 quid·

64 916 143 986 dam
168 915 255 988 velle
269 916 378 990 dicere
393 917 579 991 videbatur.
629 921 686 988 Me
707 943 793 990 vero
807 902 958 1006 lubente,
981 917 1034 988 in-

64 1023 141 1118 quit
162 1025 352 1114 Antonius,
373 1026 519 1116 dixerit,
547 1024 616 1096 five
637 1025 808 1097 refellendi
832 1023 943 1113 causa,
965 1024 1035 1097 five

63 1137 259 1230 quaerendi.
308 1139 397 1211 Tum
430 1138 549 1224 lulius,
571 1140 644 1237 Ego
668 1139 880 1228 mehercule,
908 1135 1034 1235 inquit,
1051 1149 1101 1214 29⁶

66 1240 202 1311 Antoni
220 1239 430 1339 ,semper
421 1268 448 1317 ιε
479 1241 529 1314 fui
549 1243 658 1340 ,qui
686 1245 727 1316 de
758 1260 791 1315 te
819 1266 960 1316 oratore
990 1241 1036 1316 stc

69 1351 327 1448 praedicarem,
360 1368 462 1426 unum‘
494 1373 527 1426 te
557 1357 592 1425 in
632 1355 775 1429 dicendo
808 1354 891 1426 mihi
925 1353 1036 1448 videri

69 1457 278 1532 tediiffimum
293 1515 304 1548 ,
329 1434 568 1560 propriumqire
584 1461 651 1534 hoc
666 1461 730 1534 effe
751 1462 853 1534 laudis
867 1485 959 1552 tuae,
982 1463 1034 1536 ni-

68 1569 118 1640 hil
143 1592 212 1641 ate
225 1571 448 1668 unquamefl'e
461 1573 609 1663 dictum,
636 1574 728 1670 quod
746 1572 923 1643 obelle't
896 1597 950 1662 er,
970 1597 1034 1668 pro

69 1705 142 1777 quo
162 1680 297 1755 diceres.
347 1683 458 1783 quue
469 1684 632 1756 memoria
649 1703 765 1774 teneo,
785 1709 860 1756 cum
873 1684 956 1755 mihi
968 1682 1036 1757 ser·

70 1817 132 1863 mo
146 1818 223 1865 cum
236 1792 313 1880 hoc
319 1790 391 1892 ipso
405 1793 546 1884 Craffo,
571 1795 681 1868 multis
706 1795 931 1888 audientibus,
957 1793 1037 1866 effet

72 1902 115 1972 de
141 1923 175 1974 te
202 1892 393 1994 institurus,
436 1904 630 2004 Crassusque
653 1890 803 2004 plitrimis
828 1907 938 1983 verbis
965 1908 1037 1980 elo·

38 2012 246 2108 unentiam
278 2016 425 2088 laudarer
464 2037 586 2106 tuam,
618 2016 686 2088 dixi
689 2016 732 2088 ll'e
764 2042 843 2106 me,
879 2041 956 2089 cum
979 2042 1037 2089 ce-

76 2123 156 2194 reris
172 2122 237 2197 tuis
265 2127 413 2199 laudibus
434 2125 520 2206 hanc
544 2071 609 2199 elle
641 2128 695 2199 vel
715 2127 918 2214 maximam,
943 2129 1037 2224 quod

71 2256 146 2304 non
167 2224 273 2309 solum
297 2237 391 2335 quod
408 2234 613 2335 opus'effet,
644 2239 794 2328 diceres,
833 2238 1037 2332 sedetiam,
1080 2298 1083 2304 .

74 2343 169 2438 quod
187 2367 257 2415 non
276 2352 360 2441 opus
381 2345 479 2435 esser,
492 2372 563 2419 non
587 2348 734 2420 diceres:
758 2370 831 2419 tum
850 2347 942 2418 illum
957 2350 1038 2422 mihi
1075 2379 1078 2385 ·

75 2451 275 2548 respondere
313 2455 483 2545 memini,
528 2475 637 2529 cetera
677 2459 711 2529 in
753 2476 786 2528 te
818 2457 943 2533 summe
972 2459 1037 2533 elle
1056 2494 1104 2545 295

77 2560 274 2654 laudanda3
328 2567 408 2645 illud
432 2595 517 2644 vero
543 2571 690 2667 improbi
731 2571 796 2644 else
821 2571 981 2696 hominis,
1004 2597 1037 2651 et

78 2669 269 2794 perfidioli,
300 2673 415 2752 dicere
441 2677 534 2774 quod
555 2678 697 2760 alienum
723 2678 837 2770 esset,
874 2698 908 2750 et
930 2658 1036 2756 boce-

79 2795 127 2848 ret
150 2781 216 2869 ei,
256 2805 321 2874 pro
365 2807 434 2879 quo
468 2781 633 2882 quisque
644 2783 778 2857 diceret.
822 2794 924 2884 quar'e
966 2809 1036 2863 non

79 2883 137 2958 sbi
156 2912 232 2959 eum
261 2890 439 2981 disertum,
466 2897 527 2992 qui
557 2896 593 2967 id
622 2921 693 2968 non
715 2896 868 2991 faceret,
902 2901 1036 2991 uideri,

79 2995 134 3068 sed
147 2996 365 3095 improbum,
389 3004 450 3103 qui
467 3005 599 3079 faceret.
656 3007 780 3097 Nunc,
807 3008 910 3081 litibi
937 3012 1034 3101 vide-

79 3108 155 3196 fur,
182 3113 334 3201 Antoni,
369 3116 571 3192 demonstres
588 3119 713 3206 velim,
735 3145 836 3215 quare
848 3139 897 3190 “tu
910 3120 976 3192 hoc
990 3122 1053 3193 ita'·

55 3259 58 3263 ·
80 3243 238 3316 magnum
250 3232 365 3317 putes,
386 3225 466 3297 nihil
480 3226 515 3298 in
534 3228 630 3300 causa
649 3227 728 3298 mali
742 3227 866 3311 facere,
892 3246 930 3300 ut
956 3231 1038 3304 nihil

82 3331 140 3402 tibi
164 3331 199 3404 in
216 3354 358 3408 ‘oratore
375 3335 478 3409 maius
499 3337 565 3413 effe
581 3337 742 3410 videatur.
792 3337 914 3408 Dicam
943 3342 1037 3438 equi-
1057 3369 1103 3439 74

84 3439 175 3529 dem,
200 3442 334 3534 Caesar,
363 3445 494 3543 inquit,
527 3445 610 3541 quid
625 3444 819 3543 intelligam:
849 3445 952 3520 sedet
974 3470 1036 3534 tu,
1057 3463 1102 3524 29³

84 3567 114 3618 et
132 3574 198 3623 vos
219 3577 335 3627 omnes
354 3555 438 3643 hoc,
456 3554 585 3651 inquit,
606 3572 829 3643 mementote,
849 3580 985 3627 nonme
997 3557 1038 3627 de
1074 3615 1082 3644 .,

86 3661 221 3752 perfedli
245 3666 386 3739 oratoris
415 3666 586 3740 divinitate
607 3666 748 3762 quadam
773 3667 890 3762 loqui,
923 3662 977 3733 sed
996 3663 1038 3738 d‘e

88 3774 327 3856 ,exercitationis
353 3799 386 3850 ct
408 3767 652 3852 consuetudinis
682 3798 775 3850 meae
799 3773 1044 3855 mediocritate:

691 3892 709 3929 Ι
