2302 4304
405 303 432 375 L
456 305 470 375 Ι
496 303 520 373 Β
544 304 571 372 Ε
596 304 626 373 R
656 306 700 374 'l.
983 333 1036 404 ²7·

57 449 293 559 'nonspoffum
312 461 446 561 dicere,
469 488 544 535 eum
567 488 638 535 non
668 464 837 564 egregium
861 468 1027 562 quendam

66 575 246 649 hominem-
259 593 359 674 atque
372 572 599 648 admirandum
614 577 689 648 sore
705 605 714 647 :
741 577 847 666 sedis,
863 578 888 648 sr
906 580 962 675 qui
977 580 1028 652 es·

10 678 15 719 ²
65 685 369 790 seqj'aut'sretiam
391 711 536 784 unquam
557 685 701 776 minet,
738 713 895 763 antvero
923 688 1027 764 stesso

23 831 29 882 ⁴.
64 796 195 891 posset,
223 815 259 867 tu
273 794 354 883 esses
368 823 451 869 unus
473 796 649 894 profedo,
676 800 735 894 qui
755 815 788 870 et
798 794 874 870 ineo
889 800 1026 892 iudicio,

10 971 26 985 ,,
64 924 96 990 et
116 903 270 975 omnium
289 903 348 976 vix
374 904 474 979 ullam
486 905 602 977 ceteris
625 905 816 978 oratoribus
846 901 945 1002 (pace
958 906 1026 982 ho·
1064 974 1066 980 .

61 1038 135 1085 rum
155 1010 318 1110 dixerim)
335 1013 465 1084 laudem
486 1011 653 1108 reliquisti.
703 1019 830 1086 Verum
854 1013 955 1087 srtibi
968 1016 1026 1112 ipst
1039 1051 1072 1098 77

63 1128 143 1199 nihil
165 1127 278 1218 deest,
301 1130 397 1227 'quod
426 1128 461 1200 in
483 1127 667 1200 forenfibus
688 1127 785 1200 rebus
808 1128 1027 1227 civilibusque

63 1237 230 1328 versetur,
258 1239 338 1336 quin
365 1237 448 1310 scias
459 1291 472 1324 ,
500 1262 607 1335 neque
625 1260 697 1307 eam
711 1257 822 1308 tamen
842 1239 1026 1330 scientiam,

64 1374 164 1446 quarn
178 1352 327 1478 adiungis
349 1351 477 1424 oratori
491 1351 720 1447 ,complexus
743 1377 804 1439 es;
825 1355 1025 1443 videamus,

63 1487 105 1534 ne
135 1463 208 1560 plus
247 1465 279 1534 ci
305 1463 454 1551 tribuas,
502 1489 604 1590 quam
638 1489 690 1536 res
730 1482 764 1535 et
797 1465 920 1539 veritas
956 1465 1025 1563 ipsa·
1100 1522 1103 1533 .

60 1575 248 1645 concedat

110 1684 175 1755 Hic
193 1657 347 1771 Crassus,
374 1688 548 1757 Memento
559 1645 712 1780 ,inquit,
735 1666 790 1756 ine
805 1710 875 1756 non
888 1687 1023 1772 demea,
1037 1704 1070 1768 78

60 1795 117 1868 sed
136 1797 334 1880 dooratoris
366 1797 520 1870 facultate
541 1796 668 1871 dixisse.
730 1797 824 1890 Quid
846 1796 934 1868 enim
961 1820 1024 1868 nos

50 1906 117 1979 'aut
130 1907 326 1997 didicimuS,
353 1893 518 1980 aut-'scire
542 1907 731 2003 potuimus,
760 1907 818 2003 qui
840 1928 915 1999 ante
937 1906 977 1977 ad
991 1932 1023 1978 a·

59 2018 233 2113 gendum,
257 2043 357 2115 quam
382 2020 424 2089 ad
438 2016 706 2114 cognoscendum
729 2017 911 2087 venimus:
938 2040 1024 2111 quos

24 2128 69 2186 T
59 2154 95 2198 rn
117 2127 226 2216 for0,
261 2153 346 2258 quos
369 2127 405 2199 in
430 2127 636 2250 ambitione,
659 2153 757 2224 quos
776 2127 811 2197 in
833 2127 1023 2222 republica,

58 2261 145 2331 quos
172 2237 207 2307 in
222 2237 407 2355 amicorum
430 2236 592 2334 negotiis,
616 2262 667 2307 res
681 2235 749 2331 ipsa
768 2254 844 2307 ante
863 2234 1024 2321 confecit,

58 2357 159 2442 q'uam
195 2325 362 2441 possemirs
389 2343 511 2465 aliquid
542 2343 582 2413 de
610 2343 706 2412 rebus
729 2341 828 2413 tantis
859 2339 1024 2432 suspicari.
1078 2362 1094 2372 ”

63 2456 165 2545 Quod
178 2454 203 2525 st
217 2454 278 2526 tibi
299 2472 427 2526 tantum
441 2452 477 2522 in
501 2449 598 2522 nobis
625 2448 760 2522 videtur
787 2449 873 2535 esse,
905 2451 1023 2546 quibus
1038 2482 1071 2528 79

61 2567 183 2644 etiamst
197 2566 389 2664 ingenium,
413 2585 450 2633 ut
464 2576 608 2654 ruputas
622 2612 634 2647 ,
657 2584 726 2630 non
748 2561 891 2637 maxime
906 2562 1023 2652 desilit,
1084 2628 1086 2633 ,

60 2674 208 2746 dodrina
219 2683 307 2746 certe
316 2726 327 2761 ‚
337 2692 370 2744 et
383 2670 505 2758 otium,
521 2688 555 2740 et
567 2669 702 2768 hercule
716 2671 814 2746 etiam
829 2670 968 2744 sludium
982 2675 1022 2744 il-

56 2780 114 2853 lud
129 2783 275 2856 discendi
289 2782 485 2855 acerrimum
506 2771 629 2857 defuit:
646 2781 738 2878 quid
753 2770 896 2873 censes,
933 2783 956 2855 s1
979 2785 1021 2856 ad

59 2888 194 2963 alicuius
207 2888 378 2986 ingenium
392 2887 448 2961 vel
465 2887 568 2958 maius
583 2887 636 2958 illa
648 2933 670 2976 ‚r
682 2911 765 2985 quae
785 2913 849 2984 ego
865 2913 934 2959 non
948 2891 1021 2960 atti-

57 2992 114 3089 gi,
142 2993 363 3068 accesserint?
392 2992 522 3091 qualem
535 2993 650 3082 illum,
671 3018 704 3066 et
726 3016 886 3091 quantum
900 3014 1018 3065 orato-

57 3125 131 3172 rem
144 3102 298 3174 futurum
315 3102 350 3172 ἓ·
1051 3180 1053 3185 ,

107 3199 196 3270 Tum
210 3199 402 3288 Antonius,
421 3199 545 3271 Probas
565 3198 669 3292 mihi,
696 3199 825 3298 inquit,
846 3200 905 3274 ista
918 3202 1016 3275 Cras·
1041 3194 1082 3278 18

56 3309 116 3399 se,
144 3337 226 3408 quae
246 3311 350 3383 dicis:
376 3337 437 3382 nec
463 3310 600 3401 dubito,
636 3310 724 3406 quin‘
741 3312 850 3385 nndto
867 3315 1017 3412 locuple.
1035 3327 1067 3375 so
1120 3379 1123 3383 ,

56 3417 125 3496 tior
137 3419 174 3489 in
184 3418 325 3512 dicendo
339 3416 466 3492 futurus
479 3417 536 3507 s1t,
561 3416 586 3487 fi
601 3418 674 3514 quis
688 3419 838 3491 omnium
852 3425 963 3495 rerum
973 3442 1019 3493 at·
1098 3461 1108 3481 ·

55 3553 123 3624 que
150 3530 275 3602 artium·
292 3527 457 3620 rationem
474 3553 695 3630 =naturamque
715 3534 1016 3629 comprehenderit.
1050 3575 1052 3580 ν

55 3640 121 3717 Sed
134 3641 278 3735 primurn
304 3642 339 3713 id
353 3642 484 3715 difficile
516 3642 562 3716 est
575 3642 687 3734 sadu,
707 3644 897 3740 praesertim
912 3643 1015 3714 inhac
1034 3662 1063 3711 ει
1079 3635 1084 3661 ¹

55 3750 171 3833 nostra
192 3752 277 3841 vita,
304 3751 488 3858 nostrisque
506 3755 779 3854 occupationibus
794 3750 958 3866 :deinde
976 3752 1015 3826 il·
1065 3812 1068 3819 .
1095 3778 1104 3795 ·
1125 3758 1135 3807 ἓ

1014 3954 1088 4087 ,ι
