2302 4304
151 290 222 388 ,ᾧ
474 282 784 360 saurus

147 471 251 549 pore,
264 434 340 523 cum
356 447 510 547 princeps
520 443 717 521 Academiae
730 444 827 520 Philo
840 470 918 521 cum
933 447 1101 524 Athenien

148 558 230 641 lium
252 562 468 658 optimatibus
486 558 713 634 Mithridatico
740 559 828 634 bello
858 562 967 635 domo
987 560 1119 663 prosu·⁸

151 669 263 770 gilles,
288 672 498 772 Romamque
525 670 683 757 venisset,
706 692 817 745 totum
838 671 870 743 ei
889 697 946 744 me
966 673 1099 776 tradidi,

151 781 334 856 admirabili
353 784 501 880 quodam
527 782 570 855 ad
589 780 833 879 philosophiam
861 780 971 854 lludio
991 781 1100 854 conci·

150 909 256 980 tatum
293 895 329 967 in
350 919 420 993 quo
447 894 514 967 hoc
542 891 645 963 etiam
668 892 902 964 commorabar
935 892 1100 980 attentius,
1146 976 1148 981 ,

129 1000 345 1096 1qu0d,ers1
375 1024 485 1073 rerum
515 998 657 1094 ipsarum
680 998 824 1071 varietas
844 1018 880 1072 er
913 999 1101 1098 magnitudo

151 1110 277 1184 smnma
303 1134 357 1183 me
379 1108 595 1183 deledlatione
623 1107 815 1205 retinebat,
851 1108 1102 1181 tamen-sublata

151 1215 218 1289 iam
236 1217 299 1301 csse
317 1218 352 1289 in
369 1234 566 1314 perpetuum
590 1215 676 1289 ratio
702 1214 902 1288 iudiciorum
924 1218 1102 1293 videbanu.

88 1341 138 1394 ³07
152 1321 331 1396 Occiderat
359 1320 521 1417 Sulpicius
551 1317 611 1392 illo
645 1341 756 1407 anno,
778 1319 920 1418 -tresque
952 1323 1105 1417 proximo
1142 1394 1145 1401 ,

150 1429 250 1502 trium
282 1447 425 1508 aetatum
457 1450 608 1503 oratores
637 1447 732 1502 erant
761 1429 983 1505 crudeliffime
1010 1430 1104 1507 inter·

150 1537 246 1628 seui,
270 1541 316 1633 Q.
333 1537 492 1628 Catulus,
515 1539 564 1610 hl
581 1537 767 1627 Antonius,
792 1538 831 1610 C.
846 1539 957 1614 lulius.
982 1541 1102 1617 Eodem

151 1669 240 1720 anno
265 1647 365 1720 etiam
386 1646 520 1720 Moloni
538 1643 675 1719 Rhodio
699 1645 830 1717 Romae
855 1645 1007 1720 dedimus
1022 1672 1103 1743 ope-

150 1780 247 1848 ram,
279 1776 313 1830 et
340 1759 444 1831 adteri
474 1757 603 1831 summo
636 1757 839 1848 causanun,
876 1782 911 1833 et
944 1759 1106 1859 magistro.

86 1887 135 1960 90
150 1867 241 1942 llaec
261 1869 319 1942 etsi
334 1871 490 1943 videntur
505 1869 570 1941 esse
592 1896 610 1940 a
627 1871 797 1967 proposita
815 1873 948 1944 ratione
961 1873 1105 1964 diversa,

150 1992 262 2047 tamen
274 1973 403 2048 idcirco
424 1999 443 2046 a
463 1999 517 2046 me
537 1975 777 2071 proferuntur,
799 2002 837 2051 ut
861 1980 1012 2055 nostrum
1030 2009 1104 2058 cur·

149 2085 223 2159 sum
255 2085 465 2184 perspicere,
495 2086 652 2187 qttoniam
690 2089 841 2181 voluisti,
870 2095 987 2184 Brute,
1001 2096 1106 2193 -poffis

151 2190 248 2292 (nam
266 2195 381 2268 Attico
400 2196 481 2267 haec
498 2213 580 2267 nota
594 2194 720 2294 sunt),
741 2215 774 2269 et
796 2198 934 2290 videre,
959 2205 1106 2300 quemad·

150 2311 290 2384 niodum
308 2309 406 2383 fimus
432 2309 467 2382 in
488 2307 595 2406 spatio
616 2310 662 2401 Q.
687 2308 899 2380 Hortensium
924 2311 1022 2408 ipsius
1046 2339 1105 2386 ve·

84 2421 133 2491 308
149 2412 251 2514 sligiis
277 2415 449 2513 persecuti.
510 2413 707 2487 Triennium
735 2410 804 2486 sere
838 2413 900 2487 suit
930 2416 1009 2489 urbs
1040 2417 1107 2493 sine

121 2605 124 2608 ,
148 2523 268 2612 armis,
297 2522 354 2594 sed
373 2543 546 2595 oratorum
565 2541 620 2596 aut
639 2523 789 2610 interitu,
813 2541 868 2596 aut
882 2523 1038 2613 discessu,
1053 2546 1106 2601 aut

147 2631 228 2730 suga
253 2630 355 2732 (nam
380 2635 514 2709 aberant
535 2635 635 2709 etiam
655 2635 873 2708 adolescentes
903 2641 953 2709 M.
976 2637 1104 2712 Crassus

60 2756 77 2788 ⁸
147 2759 182 2813 et
198 2738 327 2813 lenutli
342 2739 588 2840 duo),primas
608 2744 646 2818 in
662 2743 761 2818 causis
776 2744 891 2843 agebat
902 2746 1105 2821 Hortenfius:

147 2847 250 2946 magis
261 2847 428 2947 magisque
446 2853 597 2947 quotidie
614 2854 816 2949 probabatur
832 2854 1007 2930 Antistius:
1034 2857 1105 2930 Piso

147 2958 241 3058 saepe
261 2959 413 3046 dicebat;
441 2960 549 3034 minus
565 2963 659 3060 saepe
678 2965 907 3064 Pomponius,
931 2990 1011 3039 raro
1030 2966 1105 3038 Car·

146 3069 213 3161 bo,
236 3069 336 3144 semel
350 3091 407 3146 aut
430 3069 551 3147 iterum
565 3073 743 3174 Philippus.
791 3081 835 3151 At
854 3101 939 3152 vero
956 3103 1023 3177 ego
1042 3079 1106 3151 hoc

147 3198 302 3278 tempore
323 3182 435 3276 omni,
459 3185 571 3259 nostes
587 3206 621 3260 et
639 3188 724 3281 dies,
749 3191 786 3265 in
806 3189 960 3265 omnium
978 3190 1104 3262 deuri-

81 3315 131 3370 309
145 3316 264 3365 narum
293 3296 508 3373 meditatione
541 3300 705 3375 versabar.
751 3305 851 3377 Eram
881 3327 960 3377 cum
990 3300 1106 3376 Stoico
1146 3336 1148 3343 ·

144 3401 324 3480 Diodoto:
356 3408 415 3505 qui
437 3435 514 3483 cum
538 3410 747 3488 habitavisset
774 3412 862 3510 apud
880 3435 935 3485 me
954 3435 1105 3487 mecum·

144 3536 211 3610 que
232 3511 386 3604 vitasset,
409 3542 515 3615 nuper
530 3519 577 3593 est
598 3521 691 3595 domi
704 3546 797 3596 meae
817 3530 980 3603 mortuis.
1002 3544 1104 3618 aquo
1145 3600 1148 3613 ¹

144 3648 223 3696 ctun
242 3623 278 3697 in
299 3623 370 3698 aliis
396 3627 513 3717 rebus,
543 3652 616 3705 tum
631 3629 856 3703 shtdiosiffime
878 3629 914 3701 in
936 3631 1103 3707 dialedlica
1146 3636 1148 3707 Ξ

101 3788 104 3798 ,
143 3736 322 3811 exercebar
329 3763 344 3826 3
367 3763 453 3838 quae
481 3741 571 3840 quafi
594 3743 764 3817 conuadla
791 3759 825 3816 ct
858 3740 1010 3819 adstricta
1024 3743 1102 3823 'clo-
