2302 4304
121 300 191 392 ua
452 298 778 372 naraon
1022 39 1101 403 ’1

119 459 311 547 finitimam,
332 457 579 531 dialecticorum
600 458 767 532 scientiam
784 459 955 539 assumere.
970 493 1066 567 quarn

119 595 221 668 quam
245 570 332 641 aliud
362 570 496 643 videtur
525 573 636 642 orafio
660 572 741 663 esse,
772 568 863 647 aliud
888 579 1066 677 disputati03
1099 620 1101 653 ;

121 706 184 755 nec
205 681 294 752 idem
311 680 406 779 loqui
426 680 508 770 esse,
535 682 628 777 quod
647 683 773 756 dicere:
800 704 944 762 attamen
959 710 1067 764 utrum
1099 732 1101 771 ;

121 815 188 888 que
207 791 242 863 in
259 789 445 863 disserendo
462 789 518 863 est.
536 791 720 886 disputandi
733 795 844 884 ratio,
866 815 901 868 et
916 799 1068 897 loquendi,

123 899 371 974 dialellicorum
390 901 451 987 s1t3
475 920 646 974 oratorum
668 929 796 994 autem,
821 907 954 982 dicendi
973 930 1005 985 et
1018 937 1067 984 or-

44 1096 49 1105 ,
123 1014 233 1086 nandi.
271 1014 365 1085 Zeno
381 1013 516 1111 quidem
539 1013 608 1098 ille,
630 1039 742 1111 aquo
752 1015 931 1112 disciplina
949 1021 1068 1092 Stoico·

122 1118 281 1207 nuncil,
303 1145 402 1191 manu
421 1119 642 1211 demonstrare
655 1120 800 1213 solebat,
824 1125 907 1220 quid
925 1127 1068 1201 interhas

123 1248 211 1302 artes
242 1228 415 1301 interesset.
450 1255 526 1300 nam
560 1254 637 1301 cum
667 1229 907 1324 compresserat
938 1234 1101 1333 digitos,

122 1360 399 1435 pugnumque
368 1335 514 1421 fe‚cerat
551 1335 750 1408 dialecticam
776 1337 885 1408 aiebat
918 1339 1101 1415 eiusmodi*

121 1444 206 1515 esse:
231 1467 306 1514 cum
321 1460 430 1512 autem
450 1442 640 1527 diduxerat,
663 1457 696 1513 et
716 1466 853 1513 manum
876 1444 1068 1533 dilataverat,

65 1552 251 1651 ¹¹4palmae
270 1551 354 1623 illius
373 1551 509 1622 similem
527 1552 751 1646 eloquentiam
765 1551 830 1622 esse
845 1554 996 1637 dicebat.
1018 1561 1066 1632 At·
1099 1614 1101 1623 .

122 1689 189 1762 que
210 1664 308 1736 etiam
327 1679 400 1735 ante
420 1662 509 1734 hunc
526 1660 716 1735 Aristoteles
728 1662 898 1769 principio
914 1671 994 1744 artis
1005 1672 1066 1744 rhe-

123 1774 248 1846 toricae
267 1773 368 1861 dicit,
390 1771 477 1842 illam
500 1789 602 1843 artem
619 1771 707 1868 quas1
728 1797 771 1853 ex
792 1775 893 1848 altera
912 1798 1007 1872 parte
1023 1801 1074 1857 ret

123 1884 284 1980 spondere
303 1882 508 1955 dialeslicae·
534 1902 570 1954 ut
592 1883 659 1954 hoc
681 1882 834 1956 videlicet
854 1887 1009 1976 differant
1028 1893 1083 1964 inf·

122 2009 174 2087 ter
191 1992 243 2081 se,
274 1991 367 2089 quod
387 1993 466 2063 haec
484 1990 569 2062 ratio
591 1990 721 2062 dicendi
746 1986 846 2063 latior
865 1993 929 2085 sit,
955 1998 1069 2072 111110-

122 2102 245 2201 quendi
283 2101 494 2174 contractior.
543 2097 675 2171 Volo
667 2098 768 2195 igitur
800 2096 883 2175 huic
908 2050 1065 2207 sdmmo,

49 2272 52 2276 .
125 2237 279 2302 omnem,
304 2236 387 2310 quae
407 2211 448 2282 ad
471 2209 647 2280 dicendum
668 2207 752 2280 tradi
770 2208 896 2304 pollit,
920 2188 1065 2312 loquendi

121 2324 305 2413 rationem,
332 2321 396 2393 esse
421 2341 554 2391 notam:
580 2342 662 2442 quae
680 2302 816 2414 quidem
839 2345 892 2391 res
921 2325 1029 2420 (quod
1040 2343 1064 2395 te

119 2433 171 2504 his
185 2434 306 2506 artibus
327 2431 489 2504 eruditum
513 2429 647 2501 minime
669 2428 769 2523 fallit)
790 2430 960 2526 duplicem
980 2436 1063 2507 habet

119 2544 263 2616 docendi
276 2543 374 2615 viam.
399 2544 484 2614 Nam
502 2539 617 2637 etipse
633 2538 819 2623 Aristoteles
833 2545 973 2617 tradidit
982 2573 1062 2643 prae·

118 2663 213 2743 cepta
230 2648 369 2743 plurima
395 2647 589 2730 disserendi,
615 2667 647 2720 et
664 2646 800 2744 postea,
827 2652 888 2748 qui
914 2655 1061 2728 dialallici

63 2785 105 2834 υς
119 2754 287 2844 dicuntur,
312 2757 492 2882 spinosiora
515 2758 616 2830 multa
637 2778 843 2855 pepererunt.
884 2764 979 2864 Ergo
1000 2789 1060 2839 eum

118 2867 235 2940 censeo
244 2893 327 2964 ,qur
317 2869 543 2997 eloquentiae
563 2873 663 2943 laude
677 2873 828 2956 ducatur,
847 2898 920 2946 non
935 2877 1000 2950 esse
1016 2903 1059 2950 ea·

116 3007 193 3056 rum
224 3007 335 3054 rerum
361 2982 501 3053 omnino
527 2985 665 3069 rudem;
689 2983 742 3055 sed
769 2981 821 3056 vel
840 2981 895 3055 illa
919 2989 1057 3085 antiqua,

116 3095 173 3167 vel
193 3096 254 3166 hac
268 3091 444 3192 Chrysippi
463 3090 631 3187 disciplina
649 3074 840 3166 institutum.
856 3097 997 3169 noverit
1007 3121 1057 3196 pn:

9 3209 11 3215 ’
85 3223 208 3269 ,mum
225 3200 1057 3299 11111,11111111111,8111111111111111111,1111111111·

113 3304 217 3402 cium,
241 3326 275 3379 et
295 3311 541 3407 copulatorum:
561 3309 679 3406 deinde
698 3328 782 3407 quot
796 3255 892 3382 modi
883 3337 910 3382 1s
925 3313 1055 3410 quidque

82 3482 86 3492 .
112 3415 255 3488 dicatur:
281 3442 346 3514 qua
366 3421 517 3509 ratione,
544 3441 662 3506 verum
683 3416 843 3489 falsumne
862 3419 921 3506 su,
939 3421 1053 3492 iudice·

110 3541 184 3598 tur:
203 3525 289 3624 quid
302 3529 459 3601 efficiatur
475 3556 493 3601 e
513 3555 648 3627 quoque
660 3557 677 3600 ε,
691 3524 775 3625 ¹quid
793 3528 1053 3628 cuiconsequetu

36 3686 43 3721 ·.
110 3637 170 3729 stt,
204 3637 348 3737 quidque
379 3641 597 3728 contrarium:
623 3661 763 3735 cumque
788 3637 946 3736 ambigue
969 3641 1051 3714 muln
1099 3649 1101 3718 l

1 3817 3 3824 .
109 3749 281 3845 dicantur,
307 3753 481 3852 quomodo
502 3752 646 3854 quidque
665 3774 788 3851 cortun,
804 3751 934 3848 dividi,
958 3751 1050 3851 exple
1098 3764 1101 3809 2
