2302 4304
97 314 179 386 v40
362 267 868 364 onounrouu

130 451 234 548 turin
249 440 408 539 dicendo,
421 473 531 524 tamen
544 446 717 546 impudens
731 447 874 524 videtur.
905 450 986 521 Non
997 434 1094 534 enim

133 558 315 655 pudendo,
340 559 395 637 sed
420 586 492 633 non
508 559 663 636 faciendo
686 550 746 650 id,
769 560 862 658 quod
878 585 958 633 non
971 561 1095 652 decet,

72 702 115 744 ιιι
134 667 356 765 impudentiae
378 695 503 761 nomen
524 670 671 769 effugere
691 669 856 743 debemua
880 672 994 765 Quem
1006 695 1102 752 vero,

129 803 204 852 non
231 777 332 874 pudet
348 776 366 878 (
381 778 416 852 id
434 780 527 876 quod
539 778 575 851 in
588 777 748 876 plerisque
761 776 892 876 video)
918 777 1007 852 hunc
1027 768 1095 876 ego

133 913 204 970 non
221 886 475 983 reprehensione
494 885 599 959 solum
614 886 694 977 ,sed
710 888 810 961 etiam
832 913 943 986 poena
953 887 1096 986 dignum

132 1013 227 1098 puto.
245 995 406 1094 Equidem
430 1015 464 1068 et
491 993 526 1066 in
553 995 651 1074 vobis
686 997 959 1074 animadvertere·
975 996 1097 1087 soleo,

89 1148 90 1151 ¹
133 1108 218 1187 etin
241 1132 296 1180 me
324 1105 397 1203 ipso
421 1104 601 1203 saepissime
624 1107 807 1204 experior,
829 1131 866 1181 ut
890 1106 1097 1185 exalbescam
1116 1168 1119 1172 a

133 1219 169 1291 in
178 1215 349 1316 principiis
364 1214 517 1308 dicendi,
530 1235 658 1297 et-tota
674 1239 808 1307 mente,
824 1215 1098 1316 atqueyomnibus
1131 1261 1140 1274 ·

132 1330 267 1404 artubus
283 1327 545 1406 contremiscam.
563 1328 833 1407 Adolescentulus
844 1354 929 1404 veno
937 1327 983 1402 sic
995 1328 1098 1401 initio
1134 1388 1139 1408 .

132 1438 349 1514 accusationis
370 1439 574 1528 exanimatus
593 1437 664 1514 sum
670 1468 695 1530 ,·
711 1461 748 1541 ut
769 1438 837 1512 hoc
854 1438 1018 1515 smnmum
1036 1439 1098 1511 be·

22 1570 25 1574 ·
133 1549 291 1633 neficium
329 1552 374 1642 Q,
408 1549 563 1624 Maximo
589 1550 785 1640 debuerim,
812 1551 905 1647 quod
927 1548 1098 1622 'continuo

133 1653 302 1736 consilium
327 1658 505 1748 dimiserit,
523 1648 672 1741 'simulac
689 1687 744 1734 me
767 1660 909 1734 fratrum
935 1685 973 1735 ac
1000 1657 1120 1755 debi·.3

132 1774 262 1850 litatum·
279 1791 371 1849 metu
394 1775 528 1856 viderit.
633 1824 638 1831 ι
770 1785 772 1792 ’

22 1906 26 1910 ·
74 1903 137 1944 ¹22-
181 1886 247 1960 Hic
261 1911 379 1960 omnes
391 1888 530 1983 assensi,
553 1886 735 1986 fignifieare
761 1887 848 1961 inter
861 1885 952 1977 sese,
971 1903 1008 1958 et
1023 1884 1128 1960 col-,

84 2031 87 2036 ·
131 1995 227 2096 loqui
239 2017 433 2096 coeperunt.
448 1999 516 2073 suit
529 1997 618 2072 enim
633 2000 792 2077 mirificus
806 2001 941 2097 quidam
954 2000 990 2071 in
997 1999 1099 2072 Cras-
1112 2073 1115 2077 ,

66 2148 69 2153 ·
97 2125 99 2128 ⁴
129 2106 171 2181 'so
185 2107 317 2207 pudor,
341 2108 399 2207 qui
413 2131 525 2182 tamen
538 2134 608 2194 non
622 2109 728 2182 modo
750 2107 955 2203 nonobeffet
974 2102 1043 2180 eius'
1056 2132 1099 2180 o·

132 2216 273 2310 rationi,
297 2217 474 2292 sedetiam
496 2217 671 2315 probitatis
695 2208 986 2292 commendatione
1012 2242 1098 2314 pro·

75 2339 121 2412 27
134 2327 254 2422 derret„
293 2329 383 2402 Tum
405 2327 596 2418 Antonius,
621 2327 724 2424 Saepe
737 2379 749 2413 ,
762 2323 809 2398 ‘ut
835 2317 944 2414 dicis,
968 2324 1101 2421 inquit,
1126 2330 1129 2335 ⁴

43 2468 46 2474 ’
120 2438 374 2531 animadverti,
417 2437 556 2524 Crasse,
592 2459 626 2511 et
653 2457 713 2529 te,
744 2458 779 2508 et
799 2455 929 2509 ceteros
942 2433 1101 2508 'summos

132 2566 309 2635 oratores,
333 2574 533 2647 quamquam
544 2548 604 2621 tibi
627 2573 712 2644 par,
735 2569 809 2618 mea
829 2539 1011 2632 sententia,
1035 2569 1100 2617 ne-

133 2680 193 2730 mo
216 2669 363 2752 unquam
386 2656 450 2729 fuit
463 2709 475 2744 ,
488 2662 498 2675 ”
512 2659 548 2728 in·
566 2658 698 2729 dicendi
725 2653 869 2727 exordio
894 2651 1102 2748 permoveri.

42 2774 45 2780 ’
75 2789 118 2843 ¹23
134 2771 237 2847 Cuius
253 2771 386 2870 quidem
400 2770 449 2843 rei
466 2796 542 2846 cum
556 2767 683 2848 causam
699 2784 916 2864 quaererem,
939 2761 1125 2863 quidnam-

134 2883 235 2971 esset,
271 2910 355 2974 cur,
387 2901 426 2955 ut
445 2883 479 2954 in
495 2904 629 2980 quoque
648 2895 784 2952 oratore
806 2875 984 2974 pltuimtmt
997 2874 1103 2966 esset,

18 3008 20 3015 ’
133 2995 179 3069 ita
193 2997 339 3070 maxime
365 2996 392 3070 is
407 2992 650 3094 pertimesceret
664 3045 676 3081 ,
690 2990 748 3065 has
767 2986 875 3061 causas
888 2986 1101 3060 inveniebam

135 3095 215 3172 duas
228 3127 249 3175 ε·
263 3125 387 3189 unam,
426 3099 520 3198 quod
541 3095 758 3192 intelligerent
780 3092 835 3179 ii,
857 3114 944 3189 quos
965 3088 1040 3164 usus
1061 3116 1102 3165 ac

135 3229 250 3291 natura
271 3209 458 3299 docuisset,
495 3230 734 3303 nonnunquam
757 3201 891 3279 summis
911 3197 1102 3273 oratoribus

136 3336 207 3388 non
228 3316 303 3394 satis
329 3347 371 3394 ex
397 3319 557 3396 sententia
576 3339 732 3406 euentum
746 3315 882 3397 dicendi·
890 3313 1103 3412 procedere,

137 3427 182 3501 ita
196 3454 266 3514 non
279 3432 416 3521 iniuria,
433 3426 702 3529 quotiescunque
724 3427 893 3517 dicerent,
925 3424 980 3511 id,
1006 3422 1104 3522 quod

138 3537 316 3640 aliquando
333 3532 441 3638 posset
456 3543 605 3617 accidere
618 3596 630 3630 ,
643 3566 686 3615 ne
700 3556 771 3614 tum
793 3536 982 3624 accideret,
1000 3533 1104 3605 time-

78 3670 125 3722 ut
140 3671 187 3732 te,
210 3649 321 3722 Altera
344 3650 394 3722 est
408 3650 576 3742 haeo,xde
595 3677 660 3748 qua
679 3647 773 3748 queri
795 3649 888 3744 saepe
907 3643 1021 3717 soleo:
1047 3665 1103 3715 ce-

142 3773 288 3843 terarum
317 3759 470 3848 hommes
501 3759 623 3847 attium,
660 3757 794 3871 spectati*
820 3776 853 3835 et
885 3752 1046 3864 probati,
1078 3749 1113 3836 si·

66 3994 77 4031 i
