2302 4304
345 313 569 390 LIBER
616 298 699 383 111.
937 331 1006 402 ²77

43 484 212 572 diximus,
239 499 350 576 aptum
365 464 610 573 perfedumque
630 484 779 543 cernunt.
827 472 937 566 ltaque
959 467 1006 539 illi

43 615 204 684 veteres,
239 590 321 663 ficut
353 587 453 660 hodie
488 586 587 657 etiam
624 580 800 655 nonnullos
828 579 1005 671 videmus,

47 729 121 776 cum
140 699 317 776 circuitum
336 713 369 768 et
393 693 483 792 quast
502 693 618 765 orbem
637 688 820 765 verborum
840 687 1005 761 conficere

49 827 116 886 non
133 810 290 910 possent,
334 805 434 903 (uam
462 802 497 874 id
524 800 672 906 quidem
679 812 811 892 nuper
814 795 870 867 vel
888 795 1009 890 poffe,

51 924 99 998 tel
112 924 235 995 audere
258 912 471 1014 coepimus,)
498 936 608 1001 terna,
637 926 692 982 aut
713 908 810 997 bina,
842 927 906 980 aut
916 929 1006 977 non·

50 1033 122 1106 nulli
139 1032 265 1130 fingula
285 1029 382 1101 etiam
404 1024 507 1100 verba
531 1022 705 1094 dicebant·
743 1019 801 1116 qui
821 1018 856 1089 in
875 1017 963 1090 illa
954 1043 1006 1090 ιιι-

48 1145 328 1232 samaraeum,
361 1141 458 1229 illud,
489 1136 582 1235 quod
601 1145 696 1207 aures
715 1132 890 1204 hominum
907 1131 1009 1229 flagi·
1047 1194 1050 1200 .

52 1259 181 1349 tabant,
207 1255 384 1341 tendebant
408 1268 542 1336 tamen,
580 1266 616 1317 ut
636 1262 670 1315 et
687 1243 740 1318 illa
762 1241 864 1314 ess'ent
889 1242 1007 1338 paria,
1027 1268 1030 1275 ·

46 1397 129 1471 quae
173 1370 345 1457 dicerent,
383 1382 416 1435 et
460 1357 650 1457 acqtnlibus
687 1352 1006 1451 interspirationibus

47 1498 224 1556 uterentur.
265 1477 268 1481 ’
502 1563 505 1569 .

89 1592 237 1691 Exposui
255 1590 350 1676 fere,
377 1606 415 1659 ut
438 1583 556 1683 potui,
582 1607 666 1681 quae
683 1580 826 1686 maxime
841 1581 882 1654 ad
899 1605 1002 1657 otna-
1024 1603 1068 1677 52
1121 1672 1124 1678 Ι

43 1724 113 1777 tum
140 1701 302 1775 orationis
328 1698 492 1794 pertinere
515 1693 705 1767 arbitrabar.
745 1692 931 1765 Dixienim
959 1695 1001 1770 de
1023 1709 1098 1785 199,-

43 1799 355 1912 fingttlorumiaud'e
369 1807 577 1896 verborum,
606 1804 676 1878 dixi
700 1805 742 1878 de
766 1805 1002 1886 coniundtione

43 1946 183 2012 eorum,
208 1920 279 1992 dixi
297 1920 338 1992 de
360 1943 499 1990 numero
519 1935 617 2014 atque
637 1915 756 1989 forma.
802 1915 869 2002 ‚sed
889 1913 921 1988 ι’
937 1916 1001 1990 ha-

43 2027 147 2100 bitum
172 2027 331 2101 orationis
357 2017 472 2115 etiam,
509 2049 542 2097 et
566 2023 656 2123 quast
680 2024 829 2103 colorem
855 2023 1002 2122 aliquem

43 2137 229 2234 requiritis,
256 2135 350 2209 estet
369 2139 464 2235 plena
482 2138 670 2234 quaedam,
691 2136 748 2208 sed
768 2152 880 2209 tamen
896 2151 1003 2212 teres:

43 2265 77 2320 et
95 2248 220 2334 tenuis,
247 2270 317 2320 ιιοιι
338 2247 404 2319 fine
422 2250 535 2324 nervis
559 2277 597 2323 ac
616 2252 758 2326 viribus:
789 2268 826 2346 et⁸
835 2277 891 2340 ea,
904 2281 905 2286 ¹
917 2277 1004 2347 quae
1122 2238 1124 2244 ’

43 2362 208 2458 particeps
237 2353 403 2459 utriusque
439 2364 567 2460 generis
598 2365 741 2460 quadam
774 2364 1006 2437 mediocritate

43 2461 206 2541 laudatur.
253 2469 317 2540 His
326 2470 431 2543 tribus
455 2469 568 2568 figuris
586 2473 723 2545 insidere
737 2474 873 2571 quidam
892 2501 1001 2547 venu-

43 2573 135 2650 statis
149 2600 245 2667 ,non
263 2576 343 2650 fuco
364 2579 484 2670 illitus,
507 2580 563 2652 sed
581 2582 736 2679 sanguine
754 2582 888 2655 diffusus
906 2583 1005 2656 debet
1069 2606 1099 2651 ·.

43 2689 154 2762 color.
204 2690 293 2764 Tum
310 2691 454 2790 denique
472 2696 569 2769 nobis
587 2697 641 2771 hic
663 2716 778 2772 orator
800 2699 845 2771 ita
867 2697 1065 2795 confor
1022 2711 1071 2747 20·

43 2796 186 2870 mandus
212 2797 310 2872 estet
334 2803 445 2877 verbis
475 2826 509 2878 et
535 2807 720 2898 sententiis,
755 2831 808 2902 ut,
841 2789 1054 2908 quemad

43 2889 185 2987 modurn
203 2908 261 3005 qui
282 2931 420 2985 utuntur
440 2917 538 2991 armis
560 2939 617 2993 aut
640 2920 818 3016 palaestra,
858 2952 940 2998 ιιοιι
937 2917 1056 2997 ιο-1

43 3013 112 3085 ium
134 3012 194 3085 fihi
218 3015 345 3089 vitandi
363 3037 418 3093 aut
437 3021 580 3098 feriendi
603 3026 765 3101 rationem
788 3030 853 3102 eise
876 3032 1008 3102 haben-

43 3125 283 3221 dampnant,
318 3129 375 3202 sed
406 3134 529 3225 etiam,
570 3155 606 3209 ut
630 3166 705 3212 cum
735 3139 904 3212 venustate
925 3166 1017 3213 mo-

43 3252 199 3308 reantur.
223 3237 267 3325 fic
290 3239 407 3312 verbis
428 3245 564 3340 quidem
586 3247 627 3318 ad
645 3265 752 3343 aptam
782 3250 1005 3344 compositio-

43 3375 120 3421 nem
150 3367 185 3423 et
198 3349 405 3438 decentiam,
448 3357 613 3432 sententiis
636 3387 720 3435 vcro
743 3364 784 3434 ad
808 3365 1034 3460 gravitatem
1069 3433 1074 3447 .
1113 3365 1115 3369 ’

43 3458 207 3559 οιιιιοιιιι
223 3479 334 3533 ιιιιιιιι
352 3460 469 3560 [ut',
422 3492 446 3536 ιι
495 3468 553 3566 qui
571 3469 612 3539 in
625 3451 793 3541 armorum
811 3473 1005 3551 tractatione
1124 3551 1125 3554 ,

43 3570 247 3668 versantur}
297 3577 493 3647 Formantur
512 3602 620 3650 autem
633 3601 672 3651 et
685 3579 808 3670 verba,
834 3599 867 3652 et
882 3576 1005 3688 senten
1022 3585 1087 3632 ²⁰1

43 3669 108 3748 tiae
125 3704 231 3776 paene
254 3681 549 3775 innumerabiles,
567 3679 659 3783 quod
689 3689 761 3782 satis
783 3635 864 3784 ιιίιι
888 3675 1005 3764 notum

43 3787 110 3860 erte
130 3792 255 3867 vobis:
294 3792 381 3865 sed
372 3812 458 3867 mter
493 3775 795 3964 conformation'pm
823 3797 1006 3871 verborum
