2302 4304
54 318 78 405 :x
141 295 184 393 5⁶
373 290 461 367 on
509 248 877 367 orta-one
1140 272 1148 335 ⁴

136 450 227 526 letne
239 468 453 549 paternorum
468 451 635 527 bonorum
656 454 793 527 exheres
807 453 872 526 else
883 451 979 544 filius,
994 478 1099 552 quem

134 579 230 658 pater
257 560 451 636 testamento
474 588 581 661 neque
606 564 787 649 heredem,
825 588 931 661 neque
954 565 1099 637 exhere-
1139 552 1148 563 ⁶

71 684 116 758 39
135 676 212 748 dem
234 676 404 773 scripsrller
431 677 650 753 nominatim?
675 678 798 772 Quid?
824 703 889 775 qua
903 678 944 750 de
961 702 997 748 re
1010 677 1102 749 inter

71 786 117 847 ¹⁷⁶
135 787 311 861 Marcellos
333 808 367 860 et
388 788 547 862 Claudios
572 791 729 886 patricios
746 788 947 862 centumviri
968 788 1099 883 iudica-

30 914 35 920 “
134 917 224 989 runt,
245 925 322 972 cum
350 900 498 971 Marcelli
517 900 558 972 ab
583 901 691 976 liberti
714 899 784 972 filio
807 899 930 999 stirpe,
966 898 1099 972 Claudii

133 1013 270 1109 patricii
290 1011 436 1084 eiusdem
455 1011 600 1085 hominis
623 1012 858 1099 hereditatem,
889 1012 986 1109 gerite¹
1008 1008 1100 1082 adse

134 1120 264 1194 rediisse
279 1121 428 1193 dicerent
441 1143 453 1204 3
478 1145 590 1192 nonne
616 1121 651 1192 in
669 1146 706 1193 ea
721 1119 892 1216 causa-fuit
906 1119 1098 1192 oratoribus

70 1256 116 1305 ¹77
136 1233 176 1303 de
190 1248 267 1303 toro
281 1228 388 1325 stirpis
402 1252 440 1301 ac
459 1228 651 1325 gentilitatis
672 1228 742 1299 iure
768 1225 961 1303 dicendum?
984 1225 1097 1318 Quid?

133 1342 227 1440 quod
241 1342 321 1413 item
333 1339 368 1410 in
382 1339 611 1411 centumvirali
630 1331 753 1410 iudicio
771 1356 931 1411 certarum
947 1335 1013 1407 elle
1039 1361 1096 1408 ac·

133 1453 306 1547 cepimus,
331 1450 390 1548 qui
408 1451 553 1527 Romam
567 1450 603 1520 in
616 1448 763 1523 exsilium
776 1449 939 1540 veniffer,
956 1447 1008 1520 cui
1029 1447 1097 1518 Ro-

133 1580 208 1633 mae
222 1559 367 1634 exsulare
386 1561 436 1633 ius
448 1558 529 1632 effer
542 1611 555 1648 ,
579 1557 603 1628 st
622 1557 654 1631 se
668 1559 709 1632 ad
723 1561 865 1659 aliquem
879 1558 968 1659 quasi
976 1577 1094 1655 patro·

134 1698 214 1745 num
247 1670 505 1770 applicavillet,
549 1669 769 1769 intestatoque
801 1671 882 1743 effer
917 1686 1097 1740 mortuus.

122 1786 156 1855 .*
207 1787 228 1823 ⁴*
279 1790 300 1826 ⁴*
349 1811 462 1859 nonne
476 1784 512 1856 in
525 1809 564 1856 ea
576 1783 738 1859 causatus
754 1782 1007 1882 applicationis,
1033 1783 1097 1854 ob·

135 1868 265 1968 scurum
289 1899 364 1969 sane
380 1915 414 1970 et
427 1897 599 1995 ignotum,
625 1897 851 1993 patefadlum
843 1924 878 1969 ur
901 1895 1025 1968 iudicio
1048 1913 1099 1967 at·

71 2025 116 2091 178
136 2032 200 2105 que
215 2007 405 2080 illustratum
428 2007 475 2079 est
492 2007 696 2102 aparrono?
726 2006 851 2100 Quid?
875 2031 998 2102 nuper,
1022 2031 1100 2078 cum

21 2164 27 2183 .
61 2154 64 2160 ·
135 2133 200 2208 ego
227 2112 267 2183 C
293 2112 399 2210 Sergii
425 2114 570 2185 Auratae
598 2131 715 2184 contra
738 2112 826 2185 hunc
853 2108 1002 2183 nostrum
1028 2111 1100 2181 An-

135 2216 267 2294 tunium
280 2220 407 2294 iudicio
424 2221 558 2317 privato
583 2217 711 2291 causam
726 2207 961 2307 defenderem,
986 2241 1099 2290 nonne

135 2330 246 2408 omnis
273 2332 406 2406 nostra
398 2361 433 2405 m
456 2334 527 2405 iure
539 2329 669 2408 versata
683 2330 830 2402 defensio
846 2330 892 2402 est
908 2330 922 2402 l
959 2330 1048 2400 Cum
1064 2355 1104 2401 e-

135 2448 205 2518 nim
220 2449 346 2521 Marius
362 2448 576 2521 Gratidianus
595 2445 691 2518 aedes
714 2445 855 2514 Aurarae
879 2439 1105 2530 vendidillet,

116 2581 269 2654 neque,
308 2559 431 2631 servire
461 2559 627 2654 quandam
654 2579 767 2627 earum
795 2554 924 2626 aedium
948 2570 1104 2648 partem,

137 2658 172 2740 in
186 2668 342 2763 mancipii
364 2668 436 2765 lege
459 2668 610 2751 dixillet3
636 2665 918 2749 defendebamus,
942 2664 1106 2762 quidquid

137 2773 247 2847 fuiffet
260 2768 469 2847 incommodi
484 2775 519 2845 in
545 2773 715 2870 mancipio
728 2825 739 2858 ,
764 2773 798 2845 id
817 2773 842 2844 st
855 2773 1015 2846 venditor
1028 2773 1107 2847 scis-

30 2942 34 2951 .
73 2906 119 2958 ¹79
138 2882 206 2973 s'er,
244 2908 351 2981 neque
387 2883 601 2973 declarallet,
639 2885 801 2981 praestare
844 2885 974 2957 debere.
1022 2888 1108 2979 Quo

138 2996 273 3094 quidem
299 2996 335 3067 in
361 3021 480 3094 genere
500 2995 669 3089 familiaris
689 2996 798 3075 noller
827 3001 875 3068 Μ.
902 2996 1108 3072 ΒιιςειιΙεὶιιε,

58 3129 60 3135 ·
138 3106 245 3180 homo
273 3132 380 3206 neque
393 3133 471 3181 meo
494 3108 619 3182 iudicio
634 3107 772 3199 sstdtus,
796 3130 830 3182 et
857 3106 918 3180 suo
934 3106 1031 3181 valde
1057 3106 1108 3179 sa-

39 3248 42 3255 ’
138 3217 252 3316 piens,
278 3235 311 3292 et
338 3245 358 3292 a
380 3218 460 3293 iuris
487 3217 595 3292 lludio
623 3245 693 3293 non
724 3220 926 3330 abhorrens,
952 3216 1046 3290 simili
1070 3216 1106 3290 in

138 3353 176 3399 re
195 3331 340 3424 quodam
358 3331 464 3404 modo
488 3358 593 3456 nuper
611 3331 745 3405 erravit.
804 3333 892 3402 Nam
907 3355 985 3403 cum
1010 3329 1107 3403 aedes

139 3436 291 3510 L.Fus10
317 3441 503 3531 venderet,
528 3442 563 3542 in
586 3439 755 3538 mancipio
777 3441 922 3527 lumina,
959 3440 1008 3511 uti
1033 3460 1127 3527 tum·

138 3547 267 3637 essent,
297 3544 342 3621 ita
368 3551 503 3646 recepit
565 3551 672 3651 Fusius
708 3550 1106 3647 autem,s1mulatque

139 3653 305 3751 aedificari
345 3679 508 3754 coeptum
537 3657 623 3730 est
614 3687 649 3732 rn
681 3663 823 3759 quadam
850 3682 963 3759 parte
978 3663 1106 3757 urbis,

81 3848 85 3858 Ι
139 3785 224 3860 quae
238 3746 342 3843 mtido
357 3792 399 3842 ex
412 3767 473 3841 illis
486 3767 621 3846 aedibus
637 3769 785 3868 conspici
798 3771 930 3873 pollet,
955 3767 1023 3894 egit
1034 3768 1105 3848 tta·
