2302 4304
386 314 712 391 ORATOR
815 348 819 354 ’
963 343 1105 419 ῃ9’

74 497 128 550 tut
148 475 328 549 urbanius:
356 477 411 550 sed
425 495 573 549 nontam
586 477 693 550 dicax
706 475 793 568 suit,
815 502 914 575 quam
940 479 1034 554 face-

69 601 135 658 tus.
176 583 232 655 Est
254 604 361 656 aurem
375 584 453 656 illud
475 586 613 660 acrioris
638 585 788 683 ingenii,
810 585 875 658 hoc
893 587 1033 677 *maioris

73 696 164 768 artis.
949 768 954 776 .

119 800 267 874 Uberius
289 802 335 875 est
351 803 460 892 aliud,
486 805 719 902 aliquantoque
735 804 916 892 robustior,
936 832 1034 904 quam
1048 841 1079 891 91

71 911 141 984 hoc
165 911 312 1003 humile,
346 914 388 985 de
420 941 489 1011 quo
513 916 636 986 diuum
661 913 727 998 est;
752 913 944 988 summissius
975 942 1034 989 au-

69 1032 164 1104 tem,
187 1041 286 1113 quam
323 1018 427 1106 illud,
450 1021 491 1092 de
518 1045 586 1116 quo
613 1020 679 1090 iam
705 1020 852 1108 dicetur,
878 1021 1033 1116 amplisfi
1097 1062 1107 1071 -

68 1149 176 1197 mum.
198 1125 295 1196 Hoc
286 1151 321 1194 in
335 1151 475 1221 genere,
489 1154 671 1202 nervorum
686 1122 797 1199 vel
754 1129 948 1218 minimum,
961 1132 1033 1202 sua·
1096 1132 1100 1149 '

67 1238 184 1311 vitatis
202 1260 311 1312 autem
336 1240 382 1312 est
409 1242 464 1312 vel
488 1206 676 1337 plurimum.
704 1238 759 1311 Est
782 1241 872 1313 enim
890 1224 1033 1336 pleniuS,

67 1373 172 1444 quam
187 1349 253 1420 hoc
265 1349 492 1421 enucleatum:
519 1375 617 1445 quam
631 1372 739 1420 autem
758 1349 838 1420 illud
857 1367 1030 1441 ornatum,

68 1455 342 1557 copidsmnque,
369 1458 571 1531 summissius.
632 1459 720 1540 Huic
751 1459 864 1530 omnia
899 1459 1031 1532 dicendi
1049 1472 1095 1542 27

66 1586 264 1642 ornamenta
292 1569 520 1656 conveniunt,
546 1567 790 1663 plurimumque
812 1566 879 1660 est,
912 1566 947 1638 in
969 1566 1031 1643 hac

65 1676 232 1749 orationis
254 1674 390 1762 forma,
418 1675 592 1749 suavitatis.
633 1677 672 1768 ln
697 1671 882 1769 quamulti
905 1671 1029 1747 florue-
1046 1695 1079 1748 52

66 1806 149 1859 runt
172 1789 260 1883 apud
283 1791 458 1860 Graecos:
480 1786 537 1857 sed
551 1785 723 1857 Phalereus
741 1783 932 1857 Demetriiis
951 1810 1031 1858 meo

64 1898 195 1971 iudicio
219 1897 377 1994 praestitit
398 1896 538 1980 ceteris;
568 1893 800 1975 cuiusoratio
824 1917 900 1986 cum
922 1892 1031 1968 sedate

65 2015 262 2111 placideque
277 2014 443 2111 loquitur,
467 2032 539 2084 tum
556 2008 716 2081 illustrant
729 2035 823 2098 eam,
844 2009 933 2107 quasi
956 2010 1031 2082 stela
1054 2056 1064 2085 ·,
1092 2031 1095 2038 '

66 2124 119 2195 lae
138 2126 323 2222 quaedam,
344 2124 457 2197 tralata
473 2124 602 2211 verba,
629 2138 726 2219 atque
749 2120 929 2194 immutata.
949 2127 1031 2197 Tra·

66 2237 133 2312 lata
146 2262 185 2309 ea
197 2237 297 2324 dico,
323 2258 360 2308 ut
380 2235 474 2330 saepe
496 2237 585 2321 iam,
604 2256 688 2328 quae
704 2257 763 2327 per
785 2232 1030 2307 similitudinem

63 2348 109 2420 ab
133 2349 196 2420 alia
213 2375 261 2439 re,
273 2368 328 2422 aut
349 2346 516 2421 suavitatis
533 2343 741 2437 autinopiae
761 2343 853 2443 causa
868 2345 1030 2446 ,transse
1058 2434 1059 2443 ἵ

63 2471 195 2526 runtur.
233 2459 383 2544 Mutata,
409 2454 444 2525 in
457 2452 575 2549 quibus
590 2475 652 2544 pro
670 2451 780 2551 verbo
796 2453 934 2549 proprio
950 2455 1029 2526 sub·

63 2565 180 2639 iicitur
193 2566 297 2654 aliud,
311 2559 406 2660 quod
419 2557 698 2656 idem.s1gnificet,
712 2558 854 2633 sumtum
871 2586 912 2633 ex
925 2589 960 2635 re
974 2562 1030 2635 ali·

63 2704 135 2777 qua
152 2666 375 2774 consequenti.
397 2673 502 2765 Quod
516 2697 716 2768 quamquam
730 2671 957 2748 transferendo
975 2674 1027 2767 fit,
1044 2698 1075 2750 93

63 2805 179 2859 tamen
200 2786 266 2858 alio
284 2784 391 2856 modo
402 2782 585 2871 transtulit,
608 2809 685 2856 cum
699 2783 783 2861 dixit
795 2789 918 2861 Ennius
931 2817 1030 2861 arcem

56 2894 100 2969 Cr
118 2900 220 2966 urbem
241 2897 353 2963 orbas:
375 2889 440 2961 alio
453 2889 577 2979 modo,
600 2890 625 2961 fi
646 2916 709 2986 pro
730 2895 844 2988 patria.
852 2920 961 2985 arcem
978 2897 1029 2968 di-

63 3004 180 3078 xisset:
207 3022 240 3074 et
267 3003 424 3072 horridam
440 3001 590 3087 Africam
604 3005 734 3072 terribili
754 3012 1028 3093 tremereltumultu

43 3142 145 3197 ,cum
162 3115 269 3202 dicit,
295 3137 360 3209 pro
381 3112 469 3186 Astis
490 3115 642 3185 immutat
658 3112 815 3199 Africam.
831 3103 942 3201 *Hanc
961 3116 1026 3214 hy-

62 3226 218 3327 pallagen
234 3223 403 3311 rhetores,
431 3223 508 3318 quia
533 3221 622 3316 quast
653 3221 896 3325 summutantur>
910 3218 1025 3327 uerba
1059 3236 1063 3241 '

61 3361 131 3436 pro
145 3334 271 3407 verbis:
288 3335 530 3432 metonymiam
543 3331 761 3405 Grammatici
772 3353 914 3426 vocant,
932 3339 1025 3434 quod
1071 3411 1072 3416 ,

60 3444 206 3518 nomina
229 3441 480 3515 transferuntur.
536 3438 725 3512 Aristoteles
755 3461 864 3515 autem
891 3447 1024 3519 transsa-
1039 3475 1072 3528 94

60 3557 154 3633 tioni
181 3555 262 3628 haec
293 3551 361 3650 ipsa
390 3550 585 3647 subiungit,
620 3566 653 3622 et
683 3552 891 3639 abusionem,
924 3578 1024 3649 quam

61 3700 259 3760 κειτωχςυσιν
285 3681 434 3737 vocant:
464 3677 524 3751 ut,
547 3687 624 3734 cum
646 3665 804 3734 minutum
831 3661 1023 3736 dicimusa·

62 3797 196 3849 ”mum
214 3795 286 3870 1³¹0
291 3797 419 3870 parvo,
450 3786 484 3842 et
497 3770 661 3849 abutimur
686 3771 797 3942 verb&
816 3769 1023 3879 prophrquis,
1114 3804 1118 3811 x

801 3891 822 3944 ἓ
837 3892 862 3963 4
