2302 4304
63 358 66 364 ’
154 345 227 418 292
397 365 401 371 -
479 309 789 395 B'RUTUS.

61 522 81 546 ,ι
152 504 222 554 tum
251 481 431 553 multorum
459 481 647 554 officiorum
683 483 917 558 coniunllione
954 510 1010 558 me
1044 485 1143 584 pri

88 620 91 625 ·
152 611 266 661 vatum
294 588 475 676 videbam,
500 608 533 660 et
554 588 690 661 interitu
717 589 788 663 talis
812 590 945 690 auguris
970 593 1143 691 dignita·¹

63 784 66 791 ¹
152 723 219 773 tem
243 701 346 797 nostri
380 701 514 799 collegii
539 701 733 781 diminutam
768 692 953 777 dolebam.
944 726 1050 803 qua
1078 707 1108 777 in

140 810 382 915 cogitatione,
402 827 436 881 et
449 822 643 907 cooptatum
672 836 726 882 me
749 811 790 882 ab
812 812 910 884 eoin
938 813 1107 911 collegium

97 975 107 1002 ,
153 904 394 1004 recordabar,
386 945 502 1017 inquo
522 920 644 994 iuratus
660 921 817 994 iudicium
831 922 1000 1020 dignitatis
1021 926 1143 997 meae}

152 1027 300 1114 fece-rat,
329 1046 362 1100 et
387 1029 649 1136 inauguratum
643 1030 684 1102 ab
701 1031 842 1116 eodem3
862 1057 904 1103 ex
922 1057 1024 1130 quo,
1052 1059 1105 1104 au-

153 1164 272 1235 gurum
297 1136 501 1228 institutis,
492 1165 526 1208 tn
553 1139 696 1235 parentis
722 1164 797 1210 eum
821 1141 899 1212 loco
922 1143 1033 1214 colere
1055 1100 1143 1213 dei

31 1328 40 1341 κ
119 1251 281 1325 alebam.
320 1250 471 1347 Augebat
506 1251 605 1322 etiam
642 1247 848 1343 molestiam,
876 1250 970 1347 quod
997 1275 1104 1347 magna

152 1362 346 1460 sapientium
384 1361 546 1450 civium,
587 1363 822 1461 bonorumque
861 1364 1027 1459 penuria,
1057 1365 1103 1437 vit

74 1478 77 1485 '
151 1472 319 1570 egregius,
347 1470 689 1568 coniuntlitlrmusque
722 1497 851 1544 mecum
899 1472 1102 1545 consiliorum

151 1582 303 1652 omnium
322 1579 497 1668 societate,
520 1577 714 1653 alieniffimo
737 1577 935 1674 reipublicae
964 1600 1102 1674 tempore
1136 1574 1139 1581 ’

150 1690 342 1780 exstinftus,
356 1708 389 1762 et
415 1679 639 1787 autloritatis,
661 1711 693 1761 et
720 1689 914 1785 prudentiae
938 1688 1012 1761 suae
1026 1687 1103 1760 nile

101 1876 103 1881 ,
150 1798 252 1878 nobis'
287 1804 481 1877 defiderium
520 1803 697 1902 reliquerat
724 1829 733 1873 ε
760 1801 1000 1900 dolebamque,
1023 1800 1102 1899 quod

150 1939 248 2000 non,
270 1932 307 1986 ut
335 1914 484 2012 plerique
505 1915 689 2012 putabant,
713 1912 958 2003 adversarium,
979 1931 1034 2016 aut
1054 1912 1102 1984 olr

150 2025 362 2096 trellatorem
384 2023 516 2094 laudum
543 2048 692 2094 mearum
706 2074 718 2112 ‚
734 2020 787 2092 sed
822 2020 949 2092 socium
977 2021 1101 2118 potius,

113 2147 184 2203 aet
206 2131 394 2207 consortem
419 2130 553 2230 gloriost
576 2131 697 2204 laboris
718 2129 900 2235 ¹amiffam.
925 2129 1101 2222 Etenim,li

149 2243 186 2316 in
203 2243 368 2317 leviorum
392 2245 511 2316 artium
536 2241 644 2315 studio
664 2243 843 2314 memoriae
866 2244 1037 2339 proditum
1049 2241 1102 2329 etl,

145 2370 266 2450 poetas
293 2354 420 2427 nobiles
438 2370 613 2450 poetarum
627 2353 809 2452 aequalium
828 2373 938 2428 morte
953 2353 1101 2427 doluiffe:

56 2488 59 2492 ’
102 2509 105 2515 -
150 2493 220 2564 quo
240 2471 372 2542 tandem
394 2468 506 2540 animo
525 2466 593 2540 eius
611 2467 778 2560 interitum
803 2468 890 2540 ferre
904 2470 1023 2560 debui,
1036 2493 1100 2544 cum

146 2601 220 2673 ,quo
244 2602 367 2649 certare
387 2596 457 2650 erat
478 2576 678 2674 gloriofius5
705 2604 804 2676 quam
828 2581 970 2654 omnino
995 2581 1101 2653 adver·

149 2678 269 2752 sarium
297 2707 367 2754 non
390 2684 509 2757 habere
534 2683 547 2755 i
576 2711 653 2756 cum
677 2688 870 2784 praesertim
902 2687 973 2761 non
1008 2689 1100 2762 modo

65 2799 67 2803 ’
138 2792 377 2888 -ntutquamfit
403 2815 458 2866 aut
484 2795 567 2868 illius
586 2822 605 2867 a
626 2824 680 2870 me
704 2799 813 2873 cursus
835 2802 1035 2899 impeditus,
1055 2822 1100 2873 aut

148 2900 193 2971 ¹ab
216 2901 275 2972 illo
298 2929 415 2994 meus,
433 2904 495 3001 sed‘
509 2928 627 2980 contra
655 2909 784 3008 semper
812 2912 892 2983 alter
928 2912 972 2984 ab
1010 2913 1100 2982 altero

136 3010 279 3087 ,adiutus
299 3032 333 3085 et
353 3015 656 3109 communicand0‚
682 3040 715 3093 et
740 3023 926 3111 monendo,
940 3044 977 3095 et
994 3021 1099 3096 faven-

114 3119 209 3192 l'tdo.
231 3120 296 3190 Sed
323 3120 481 3218 quoniam
506 3146 664 3220 perpetua
687 3129 828 3223 quadam
853 3127 1011 3201 felicitate
1039 3125 1100 3200 usus

151 3226 226 3317 ille,
249 3227 338 3300 ceffit
355 3253 374 3300 e
394 3229 489 3322 vita,
516 3231 575 3304 suo
603 3235 731 3332 magis,
758 3263 857 3335 quam
891 3236 1027 3310 firorum
1059 3237 1099 3310 ci·

150 3338 244 3413 vium
266 3356 440 3436 tempore3
462 3362 496 3416 et
524 3367 594 3418 tum
614 3349 767 3444 occidit,
787 3376 863 3424 cum
890 3352 1004 3450 lugere
1030 3351 1100 3424 faci·

25 3444 26 3451 '
97 3502 102 3514 ·
148 3452 212 3525 lius
236 3457 474 3550 rempublicam
497 3461 628 3557 pollet,
652 3461 675 3533 fi
698 3463 855 3551 viveret,
883 3488 985 3562 quam
1018 3462 1099 3537 iuva·

149 3587 213 3649 re;
231 3563 383 3662 vixitque
406 3568 549 3658 tamdiu,
571 3594 670 3667 quam
691 3569 783 3643 licuit
808 3568 1005 3646 incivitate
1029 3570 1099 3643 bene
1142 3600 1143 3620 2

149 3677 309 3778 beateque
331 3680 448 3755 vivere
465 3683 602 3755 :nostro
625 3683 870 3770 incommodo,
894 3683 1098 3778 detrimento·

94 3792 98 3803 “
139 3790 236 3887 que,
258 3785 283 3860 fi
302 3785 349 3863 est
369 3788 419 3886 ¹ita
443 3792 570 3868 necelle
583 3845 595 3887 ‚
610 3793 777 3869 doleamus
790 3820 803 3885 3
817 3795 908 3888 illius
917 3820 1005 3874 vero
1017 3815 1099 3877 ntor·⁴
