2302 4304
63 302 201 400 =÷u
383 260 953 386 oronnuour¹
1033 404 1039 417 ,

129 463 288 563 ligentia3
317 492 382 566 qua
404 495 470 541 una
490 469 613 544 virtute
634 435 752 546 onines
772 460 912 549 vittutes
938 474 1088 574 reliquae

69 601 111 652 ¹5¹
132 572 353 650 con't'inentur.
378 581 463 658 Natu
482 583 644 657 orationis
668 585 801 683 quidem
816 588 913 683 copia
934 587 1089 662 videmus

130 706 168 760 ut
189 690 355 764 abundent
385 692 595 791 philosophi,
621 695 696 793 qui,
718 716 755 769 ut
785 697 909 794 opinor
942 696 1027 795 (sed
1047 716 1096 770 tu·

130 800 237 891 haec,
260 804 402 891 Catule,
426 805 569 905 melius)
605 805 692 879 nulla
722 808 801 879 dant
834 826 1009 904 praecepta
1036 809 1091 879 di·

131 915 250 1004 cendi,
276 941 336 988 nec
355 915 481 989 idcirco
505 917 633 1006 minus,
656 941 870 1015 quaecunque
892 940 943 988 res
956 940 1091 1013 propo·

131 1026 189 1100 srta
213 1027 279 1115 esl,
306 1027 507 1127 suscipiunt,
525 1032 567 1105 de
592 1057 655 1130 qua
673 1029 808 1128 copiose
830 1053 863 1103 et
887 1031 1091 1104 abundanter

132 1132 318 1227 loquantur.

71 1239 115 1332 36
181 1243 270 1314 Tum
286 1241 441 1333 Catulus,
467 1242 541 1333 Est,
566 1243 689 1340 inquit,
713 1259 750 1314 ut
762 1243 858 1328 dicis,
882 1239 1037 1331 Antoni,
1056 1257 1094 1313 ut

69 1378 118 1430 ¹52
134 1354 281 1449 plerique
299 1353 489 1452 philosophi
501 1357 586 1431 nulla
606 1358 735 1430 tradant
755 1371 929 1453 praecepta
947 1352 1095 1444 dicendi,

133 1480 168 1535 et
182 1463 324 1536 habeant
346 1488 496 1561 paratum
512 1487 622 1540 tamen
641 1520 653 1556 ,
690 1465 770 1563 quid
786 1465 826 1537 de
840 1486 969 1561 quaque
984 1485 1022 1533 re
1039 1460 1096 1533 di-

134 1591 224 1645 cant.
272 1575 334 1645 Sed
347 1576 560 1666 Aristoteles,
584 1578 631 1663 is,
657 1601 758 1674 quem
783 1572 926 1647 maxime
948 1596 1015 1669 ego
1035 1570 1096 1642 ad·

25 1690 31 1711 ⁸
134 1687 266 1780 miror,
283 1691 458 1786 proposuit
477 1693 638 1790 quosdam
660 1692 775 1779 locos,
799 1686 971 1786 exquibus
983 1686 1097 1760 omnis

135 1800 320 1897 argumenti
343 1802 422 1891 via,
448 1829 518 1875 non
547 1804 651 1876 modo
673 1801 714 1872 ad
736 1797 1013 1895 philosophorum
1027 1794 1098 1867 dis-

134 1910 360 2006 ¹putationem,
386 1911 440 1982 sed
460 1910 623 1984 etiamad
642 1908 751 1992 hanc,
774 1930 840 2003 qua
858 1904 893 1975 in
912 1900 1016 1976 causrs
1028 1902 1099 1974 uti·

102 2082 106 2089 .
134 2042 227 2107 mur,
256 2017 479 2091 invenireturt
503 2044 523 2089 a
549 2041 617 2116 quo
644 2015 780 2112 quidem
808 2009 942 2083 homine
965 2007 1098 2080 iamdu-

34 2192 37 2199 ,
134 2125 212 2198 dum
227 2179 239 2215 ,
256 2126 395 2214 Antoni,
420 2151 490 2198 non
504 2125 633 2198 aberrat
646 2121 758 2194 oratio
769 2137 825 2191 tua
839 2171 850 2207 ,
877 2117 990 2190 srvetu
1005 2113 1100 2185 suni-

134 2233 273 2306 litudine
292 2235 377 2308 illius
398 2235 504 2309 divini
528 2234 652 2334 ingenii
675 2233 709 2305 in
723 2232 837 2303 eadem
850 2226 989 2301 incurris
1000 2225 1101 2302 vesti·

135 2344 206 2442 gia,
233 2343 301 2418 srve
314 2345 413 2417 etiam
431 2346 484 2418 illa
498 2345 566 2442 ipsa
587 2342 691 2442 legisti
713 2359 809 2440 atque
833 2336 992 2412 didicisti:
1006 2337 1101 2434 quod

72 2476 78 2493 ·
136 2449 273 2547 quidem
286 2452 392 2550 magis
413 2451 588 2525 verisimile
607 2453 751 2525 videtur.
800 2448 874 2521 Plus
892 2445 980 2519 enirn
1004 2461 1038 2518 te
1056 2468 1101 2517 o-

135 2581 234 2652 perae
252 2559 389 2630 Graeci's
403 2560 524 2633 dedisse
537 2561 634 2634 rebus
647 2559 767 2643 video,
785 2580 885 2653 quam
897 2576 1103 2651 putaramus.

69 2677 115 2731 ¹53
136 2667 227 2738 Tum
244 2668 318 2758 ille,
340 2671 493 2761 Verum,
519 2672 644 2768 inquit,
672 2694 713 2742 ex
734 2692 788 2740 me
806 2666 943 2755 audies,
970 2663 1102 2738 Caurle.

134 2774 265 2871 semper
277 2800 343 2875 ego
361 2776 572 2869 existimavi,
598 2778 827 2852 iucundiorem
845 2793 879 2850 et
893 2773 1102 2871 probabilio-

133 2900 206 2960 rem
221 2886 300 2960 huic
314 2887 441 2985 populo
461 2908 632 2961 oratorem
644 2890 744 2982 sore,
767 2889 824 2990 qui
840 2887 986 2985 primum
999 2909 1104 2983 quam

135 3138 245 3188 rerum
271 3115 543 3216 fignificationem
569 3118 670 3191 daret.
695 3104 792 3216 atque
814 3106 877 3213 ego
888 3112 978 3185 idem
995 3110 1104 3183 existi·

136 3226 250 3317 mavi,
277 3228 412 3324 pecudis
426 3229 517 3319 elle,
544 3254 614 3303 non
634 3228 799 3316 hominis,
824 3249 900 3329 cun]
919 3239 1027 3296 tantas
1048 3244 1104 3295 res

135 3337 257 3424 Graeci
268 3338 486 3436 susciperent,
512 3340 769 3437 profiterentur,
795 3338 949 3433 agerent,
967 3328 1103 3429 seseque

137 3465 172 3519 et
185 3446 321 3520 videndi
341 3474 393 3521 res
407 3437 662 3543 obscuriffimas,
695 3470 728 3522 et
741 3449 824 3520 bene
837 3441 977 3520 vivendi
990 3458 1024 3514 et
1041 3465 1104 3514 co·

138 3558 232 3655 piose
258 3558 391 3631 dicendi
404 3560 568 3631 rationem
593 3557 782 3630 hominibus
810 3555 943 3626 daturos
969 3549 1103 3648 pollice·

137 3685 262 3756 rentur,
277 3672 346 3739 ¹non
360 3667 541 3741 admovere
554 3691 684 3757 aurern,
697 3686 749 3753 et,
762 3664 787 3736 sr
799 3666 906 3762 palam
918 3665 1105 3738 audireeo's

137 3800 208 3847 non
228 3777 362 3875 auderes
377 3827 389 3862 ,
403 3799 461 3846 ·ne
475 3772 639 3846 minueres
660 3773 748 3871 apud
756 3795 837 3846 uros
849 3772 943 3848 cives
958 3769 1109 3862 authori}
