2302 4304
299 288 301 296 ’
398 317 711 394 anurus
877 326 1030 423 ’,μς
1137 256 1142 272 ’

63 476 233 579 scriptos)
247 500 281 554 et
299 480 420 554 iudicia
432 480 562 580 populi,
574 481 692 578 quibus
706 480 818 555 aderat
828 483 956 574 Carbo,
971 484 1039 557 iam

63 585 173 682 magis
186 587 364 682 patronum
380 588 603 661 desiderabant
614 620 631 675 ,
642 588 759 669 tabella
773 589 865 674 data,
879 617 976 689 quum
989 592 1038 664 le·

63 717 144 790 gem
157 695 196 765 L
211 695 351 785 Calsrus,
365 699 494 796 lepido
506 713 539 767 et
552 697 710 768 Mancino
724 698 932 789 consulibus,
951 701 1035 776 tulit.

116 807 238 910 Vester
265 812 365 885 etiam
386 812 432 887 D.
448 815 596 903 Brutus,
622 816 671 886 M
687 811 798 903 lilius,
824 831 861 887 ut
880 840 923 888 ex
940 815 1035 888 sami·
1053 814 1098 889 28

63 915 139 988 liari
174 917 244 994 elus
273 925 311 996 L.
343 925 438 997 Attio
460 949 561 1021 poeta
598 925 673 997 sum
708 927 819 999 audire
847 927 981 1019 solitus,
1004 953 1037 1004 er
1054 951 1098 1000 ¹07

64 1031 179 1103 dicere
203 1057 274 1105 non
300 1036 419 1110 inculte
437 1038 583 1127 solebat,
602 1057 636 1110 et
655 1060 724 1111 erat
746 1065 823 1113 cum
849 1039 953 1114 literis
969 1025 1036 1115 La·
1109 1057 1112 1063 '

61 1140 165 1232 tinis,
185 1159 256 1215 turn
276 1145 376 1218 etiam
399 1149 554 1235 Graecis,
567 1166 607 1220 ut
632 1149 837 1245 temporibus
861 1148 941 1240 illis,
955 1175 1035 1223 eru·

61 1251 165 1324 ditus.
192 1270 276 1351 quae
290 1256 456 1329 tribuebat
471 1258 561 1329 idem
573 1259 683 1330 Attius
696 1252 794 1332 etiam
809 1262 854 1353 Q.
868 1260 1036 1350 Maximo,
1058 1281 1061 1287 '

60 1357 100 1428 1.
142 1358 246 1429 Paulli
271 1362 386 1456 nepoti
400 1389 409 1432 ε
423 1379 456 1433 et
482 1387 568 1438 vero
600 1385 676 1436 ante
705 1364 917 1454 Maximum,
938 1364 1032 1438 illtun

59 1463 280 1559 Scipionem,
301 1494 370 1566 quo
397 1470 479 1569 duce
510 1470 647 1567 privato
681 1471 736 1544 Ti.
764 1470 935 1546 Gracchus
966 1477 1032 1548 'oc-

58 1576 149 1650 cisus
176 1578 282 1668 esset,
307 1605 384 1654 cum
409 1583 565 1657 omnibus
587 1585 624 1656 in
649 1585 747 1656 rebus
772 1584 1031 1679 vehementem,

56 1705 136 1760 tum
152 1713 263 1762 acrem
283 1691 390 1766 aiebat
416 1692 453 1764 in
483 1694 626 1767 dicendo
662 1693 768 1767 fuisse.
805 1694 895 1766 Turn
930 1695 1029 1768 etiam
1049 1709 1093 1761 10⁸

56 1797 96 1867 P.
113 1796 272 1870 Lentulus
284 1797 341 1870 ille
357 1798 526 1897 princeps,
551 1802 593 1872 ad
614 1798 852 1897 rempublicam
875 1798 1034 1877 duntaxat
1107 1863 1111 1873 .

54 1911 155 2009 quod
195 1935 279 2009 opus
309 1912 412 2002 esset,
434 1913 507 2005 satjs
537 1913 682 1986 habuisse
707 1911 923 2008 eloquentiae,
944 1912 1032 1985 dici·
1130 2001 1134 2008 ἡ

53 2036 126 2091 tur.
152 2015 336 2116 Iisdemque
354 2019 560 2116 temporibus
573 2024 609 2093 L.
627 2020 741 2092 Furius
762 2019 872 2106 Philus
886 2019 1029 2114 perbene
1140 2106 1142 2122 γ

45 2125 178 2199 'Latine
195 2126 288 2232 loqui
302 2128 502 2224 putabatur,
523 2127 770 2226 licentiusque,
793 2146 893 2225 quam
918 2128 1027 2227 ceteri.
1079 2160 1091 2179 ··

52 2239 93 2308 P.
116 2237 277 2310 Scaevola
292 2227 389 2312 valde
419 2242 599 2337 prudenter
618 2258 651 2312 et
675 2261 791 2327 acute,
808 2237 908 2334 paulo
930 2239 1028 2309 etiam

51 2345 227 2442 copiosius
242 2373 251 2417 :
264 2372 326 2419 nec
349 2348 456 2420 multo
479 2349 585 2421 minus
607 2346 788 2444 prudenter
802 2348 851 2415 M.
864 2344 1027 2418 Manilius.

50 2454 164 2551 Appii
187 2455 316 2527 Claudii
347 2456 530 2545 volubilis,
552 2455 607 2527 sed
622 2455 729 2552 ,paulo
760 2451 924 2526 fervidior
957 2470 1028 2557 erat

49 2564 184 2636 orati0.
199 2565 371 2664 ln'aliquo
402 2588 544 2637 nurnero
574 2561 748 2659 etiamM.
769 2560 902 2636 Fulvius
936 2561 1027 2636 Flac-

47 2705 143 2769 cus,
165 2697 200 2752 et
216 2681 257 2752 G
274 2682 362 2754 Cato
391 2678 538 2752 Africani
559 2678 695 2760 sororis¹
710 2677 819 2766 filius,
841 2679 1029 2754 mediocres
1058 2772 1059 2777 Ἰ

49 2809 237 2875 oratores3
267 2790 325 2863 etsr
352 2790 460 2863 Flacci
486 2786 607 2887 scripta
636 2788 731 2879 sunt,
754 2788 812 2860 sed
833 2806 871 2860 ut
892 2788 1053 2877 studiosi„
1123 2863 1126 2869 ,

48 2898 236 2969 literarum.
279 2898 515 2974 Flacci'autem
546 2897 691 2971 aemulus
726 2901 761 2971 P.
794 2897 919 2992 Decius
942 2898 1056 2986 fuit,·

49 3027 128 3075 non
148 3002 257 3092 infans
284 3003 339 3076 ille
365 3005 527 3104 quidem,
547 3003 655 3083 sedut
676 3003 772 3090 vita,
797 3002 841 3084 stc
869 3004 1024 3074 oratione
1073 3001 1075 3005 ’
1131 3062 1142 3079 ,

51 3115 159 3188 etiam
203 3116 415 3191 nubulentus.
446 3112 494 3190 M.
530 3105 685 3208 Drusus,
702 3117 744 3201 C.
766 3113 876 3216 filius,
900 3114 958 3210 qui
981 3112 1024 3185 -in
1042 3150 1093 3202 ιφ

50 3226 227 3297 tribunatu
249 3227 291 3300 C.
317 3227 534 3318 Gracchum,
554 3227 743 3324 collegam,
772 3223 894 3295 iterum
915 3221 1023 3295 tribu-

53 3361 135 3408 num
152 3389 165 3426 ,
182 3334 305 3434 sreglt,
331 3338 386 3411 vir
406 3357 440 3410 et
467 3341 619 3413 oratione
653 3336 789 3436 gravis,
811 3353 845 3408 et
877 3336 1023 3407 austori-

53 3463 148 3533 tate3
170 3447 264 3544 eique
275 3448 429 3544 proxime
445 3447 671 3524 adiunuusC.
687 3444 817 3519 Drusus
837 3446 936 3518 frater
951 3443 1022 3515 luit.

54 3555 151 3630 Tuus
174 3553 273 3627 etiam
297 3557 460 3655 gentilis,
484 3561 611 3646 Brute,
634 3559 681 3628 M.
695 3557 823 3635 Pennus
837 3554 930 3628 sacile
954 3551 1025 3646 agi·
1132 3598 1136 3608 ·

54 3664 141 3739 tavit
177 3663 212 3736 in
234 3666 414 3740 tribunatu*
431 3670 473 3740 C.
498 3654 722 3754 Gracchum,
760 3663 892 3760 paulum
920 3677 1024 3727 aetate

53 3771 263 3846 antecedens.
280 3775 359 3880 fuit
376 3757 466 3848 enim
491 3777 539 3847 M.
556 3772 685 3870 lepido
703 3772 789 3938 etl(
807 3765 923 3847 Oreste
943 3787 1028 3866 con·
1102 3881 1104 3885 Ι

289 3912 327 3925 .,
811 3889 829 3963 3
885 3943 890 3951 ¹

1051 4010 1097 4032 Α
