2302 4304
136 338 206 410 ,μ
461 312 773 384 taurus

131 495 487 570 meropatronormn:
512 473 772 560 sederatralis,
799 499 857 561 ur,
884 500 966 548 mm
994 502 1090 575 quor

131 592 209 661 darn
245 590 401 673 audires,
432 589 491 685 qui
515 608 588 658 ιιιιιι
616 610 712 659 erant
745 587 970 683 praeliantes,
997 591 1128 693 ride·¹

130 694 524 781 reuueffeinferior3
564 722 643 768 uun
673 718 784 766 ειιιιειιι
820 695 933 792 ipsum
966 699 1087 770 audires
1123 710 1128 775 ι’

130 805 201 879 sine
228 807 505 903 comparatione,
532 831 604 878 non
633 807 740 877 modo
772 829 952 881 contentus
989 808 1085 897 effes,

67 933 114 988 ἰι
131 917 187 990 sed
220 918 336 991 melius
367 941 438 989 non
475 942 656 1015 qmerem
707 918 753 1009 Q.
785 919 942 992 Metellus
972 920 1084 992 Numi·

130 1030 241 1118 dicto,
264 1050 298 1101 er
324 1028 395 1099 eim
433 1027 560 1125 collega
594 1029 642 1098 M
674 1026 825 1111 Silanus,
860 1029 1015 1101 dicebam
1048 1028 1083 1101 de

93 1204 96 1209 ,
130 1138 1082 1237 republica,quodelsetillisvirisetconsularidignitati

130 1249 217 1320 satis
252 1251 300 1319 M
323 1248 476 1318 Aurelius
492 1250 631 1320 Scaurus
655 1273 725 1318 non
746 1247 840 1343 saepe
852 1247 1012 1334 dicebat,
1034 1248 1082 1320 sel

130 1360 251 1456 polite:
277 1360 391 1430 latine
409 1383 494 1430 vero
511 1359 676 1455 inprimis
702 1359 749 1431 est
772 1360 940 1458 eleganter
954 1362 1083 1435 locutio

130 1471 228 1560 Quae
239 1468 308 1540 laus
330 1468 447 1539 eadem
473 1470 509 1540 in
527 1473 569 1541 A.
591 1471 714 1542 Albino
737 1472 822 1544 bene
843 1472 1005 1570 loquendi
1020 1473 1083 1546 suit

129 1583 218 1653 Nam
241 1580 363 1653 flamen
380 1581 517 1654 Albinus
534 1583 633 1654 eriam
664 1584 700 1654 in
725 1610 865 1656 numero
892 1585 941 1657 est
966 1587 1083 1660 habitus

130 1690 340 1762 disertonrm.
365 1694 412 1784 Q.
431 1690 531 1764 etiam
557 1694 713 1791 Caepio,
737 1695 793 1767 vir
812 1720 889 1768 acer
919 1720 955 1770 et
977 1697 1084 1787 fortis,

130 1801 185 1874 cui
207 1799 341 1872 fortuna
373 1800 449 1872 belli
482 1801 636 1886 crimini,
661 1802 788 1874 invidia
813 1804 932 1899 populi
965 1806 1085 1878 calami·

69 1916 114 2009 36
132 1906 190 1978 tati
205 1904 277 1978 fuit.
310 1907 402 1977 Tum
419 1906 519 1978 etiam
531 1907 573 1980 C.
595 1925 629 1979 et
645 1909 681 1978 Ι.
701 1909 853 1980 Memmii
886 1911 1036 2000 suerum,
1049 1937 1085 1982 o·

68 2032 257 2097 notatores
272 2015 478 2106 mediocres,
500 2017 704 2090 accusatores
728 2044 820 2091 acres
844 2043 948 2120 atque
974 2022 1085 2096 acerbi.

131 2126 243 2226 itaque
259 2126 295 2197 in
313 2125 471 2198 iudicium
495 2128 608 2224 capitis
634 2130 756 2200 multos
778 2151 1006 2222 vocaverunt,
1029 2159 1085 2231 pro
1121 2128 1123 2133 ⁴

131 2238 196 2312 reis
213 2262 283 2309 non
302 2237 397 2334 saepe
415 2237 575 2310 dixerum.
623 2240 677 2335 Sp.
695 2241 842 2314 Thorius
859 2242 933 2316 satis
944 2247 1085 2318 valuitin

130 2346 283 2445 populari
306 2371 426 2445 genere
440 2347 590 2435 dicendi,
611 2348 656 2436 is,
684 2349 742 2444 qui
770 2375 886 2446 agrum
905 2355 1084 2449 publicum,

132 2457 252 2533 vitiosa
277 2479 310 2530 et
335 2457 441 2529 inutili
475 2459 566 2556 lege,
595 2459 748 2556 velligali
764 2461 901 2534 levavit.
938 2467 986 2537 M
1004 2469 1085 2536 Mar·

131 2569 229 2641 cellus
250 2567 418 2640 Aesernini
439 2591 547 2663 pater,
570 2596 639 2642 non
657 2571 709 2642 ille
728 2573 889 2669 quidem
880 2602 915 2646 ιιι
927 2579 1085 2706 patronis,

86 2696 89 2703 '
129 2681 186 2752 sed
211 2698 245 2752 et
267 2673 302 2750 in
319 2682 483 2779 promptis
500 2703 610 2777 tamen
644 2706 677 2758 et
704 2713 774 2760 non
803 2689 1031 2766 inexercitatis
1049 2692 1083 2763 ad

68 2830 113 2881 37
131 2790 305 2861 dicendum
352 2789 433 2880 fuit,
469 2811 506 2863 ut
533 2772 617 2866 filius
651 2795 741 2882 eius,
772 2799 807 2868 P.
838 2800 1007 2875 lentulus
1053 2805 1122 2873 L..¹

131 2900 230 2974 eiiam
249 2900 370 2988 Cotta,
395 2903 602 2995 praetorius,
624 2903 659 2972 in
679 2905 899 2976 mediocrium
917 2916 1082 2982 oratorum

130 3028 272 3085 nurnero
297 3009 428 3082 dicendi
446 3035 517 3081 non
535 3011 579 3080 ita
599 2994 740 3084 multum
757 3012 850 3085 laude
868 3018 1081 3110 processeram

130 3123 187 3196 sed
204 3125 244 3196 de
260 3120 430 3207 industria,
461 3147 537 3193 cunt
554 3123 690 3213 verbis,
717 3126 902 3197 tumetium
917 3128 993 3225 ipso
1008 3132 1081 3204 sono

130 3232 219 3329 quast
240 3231 419 3315 subrustico
433 3230 706 3328 prosequebatur,
728 3250 824 3329 atque
839 3234 1090 3312 ιιιιιιιιιιιιιιιιιιιι

130 3335 325 3439 tiqtlita'tem.

180 3451 288 3545 Atque
306 3472 369 3544 ego
392 3470 425 3521 et
441 3448 475 3519 in
492 3449 559 3522 hoc
576 3449 647 3546 ipso
670 3450 794 3545 Cotta,
815 3476 848 3526 et
872 3454 907 3525 in
925 3410 997 3531 aliis
1015 3462 1082 3557 plu·

130 3560 242 3649 ribus,
266 3559 432 3656 intelligo,
459 3587 513 3632 me
529 3561 656 3663 nonita
673 3544 812 3635 disertos
828 3564 983 3640 homines
997 3590 1030 3640 et
1042 3592 1083 3637 re·

129 3669 271 3743 tulisse
263 3689 494 3742 moratorum
515 3696 707 3760 numerum,
743 3690 776 3742 et
778 3673 988 3748 relaturum.
1036 3672 1083 3746 Eli

128 3781 216 3854 enim
235 3782 457 3880 propositum,
472 3782 627 3880 colligere
643 3807 717 3877 eoa,
737 3786 880 3881 quihoc
899 3811 1039 3861 munere
1053 3787 1082 3858 in
