2302 4304
96 335 225 409 ‚3m
297 402 300 407 ἢ
479 313 788 387 BRUTun

151 473 216 546 bor
239 471 407 546 accederet
438 477 481 549 ad
495 515 497 518 ⁴
513 473 686 565 sorensem.
713 473 889 570 pleraeque
916 473 1007 546 enim
1031 473 1097 548 scri·

151 581 273 654 buntur
296 581 467 657 orationes'
491 584 619 656 habitae
640 583 704 654 iam
715 637 728 670 ,
766 606 835 654 non
857 600 893 655 ut
919 584 1096 657 habeantur

97 723 130 776 92
150 693 245 766 Alios
264 718 334 765 non
351 693 528 782 laborare,
552 717 589 768 ut
607 690 759 767 meliores
786 691 882 779 siant3
915 695 1004 768 ntdla
1021 697 1096 769 enin

149 828 201 876 res
219 822 346 877 tantum
374 805 415 877 ad
438 804 614 881 dicendum
635 801 793 899 proficit,
818 821 979 899 quantum
1003 801 1096 899 scrip-

149 916 209 989 tio.
228 917 426 988 memoriam
446 933 554 988 autem
576 916 611 986 in
633 912 801 1010 posterum
819 913 945 1012 ingenii
963 913 1012 986 sui
1040 940 1097 986 non

149 1022 349 1112 defiderant,
388 1016 464 1096 cum
494 1022 525 1094 se
553 1038 668 1119 putant
695 1018 767 1092 satis
787 1024 941 1118 magnam
974 1022 1098 1119 adeptos

148 1131 212 1204 elle
234 1132 364 1203 dicendi
385 1133 547 1230 gloriam,
583 1158 719 1230 eamque
743 1134 841 1204 etiam
867 1133 1031 1205 maiorem
1055 1136 1096 1207 vi·

145 1240 295 1330 sumiti,
320 1240 399 1313 srin
425 1239 680 1338 existimantium
704 1240 874 1312 arbitrium
905 1241 962 1314 sua
992 1242 1097 1340 scripta

145 1376 216 1422 non
238 1351 406 1424 venerint:
432 1350 533 1435 alios,
558 1352 652 1448 quod
673 1351 789 1422 melius
801 1369 919 1448 putent
941 1355 1051 1427 dicere
1070 1353 1096 1426 se

144 1460 258 1556 polle,
282 1485 383 1557 quam
401 1460 541 1532 scribere
556 1488 566 1546 ;
580 1460 581 1467 '
595 1463 687 1558 quod
704 1463 939 1560 peringeniosrs
958 1465 1095 1537 homini·

144 1569 225 1655 bus,
261 1595 367 1667 neque
386 1568 463 1642 satis
479 1570 603 1655 donis,
637 1569 832 1666 plerumque
849 1574 1045 1699 contingit,
1066 1586 1096 1646 ut

27 1696 33 1708 “
91 1707 120 1756 93
143 1677 203 1774 ips1
226 1680 360 1752 Galbae
410 1683 521 1773 Quem
543 1680 723 1753 sortasse
689 1709 741 1757 vrs
759 1707 828 1753 non
847 1684 973 1782 ingenit
963 1686 1094 1777 solum,

141 1796 197 1868 sed
211 1797 316 1867 etiam·
327 1798 449 1888 animi,
475 1816 507 1871 et
526 1799 679 1870 naturalis
704 1798 837 1894 quidam
865 1799 966 1900 dolor
989 1800 1093 1873 dicen·

140 1925 208 1981 tem
244 1910 462 2000 incendebat,
488 1913 737 2037 efficiebatque,
760 1931 796 1984 ut
822 1930 855 1985 et
880 1912 1042 2003 incitata,
1067 1931 1094 1984 et

140 2020 268 2116 gravis,
293 2040 325 2094 et
347 2022 527 2097 vehemens
551 2023 631 2094 esset
654 2023 787 2108 oratio;
812 2023 888 2095 dein
912 2048 990 2095 cum
1012 2023 1094 2094 ¹otio-

138 2130 188 2202 sus
211 2129 317 2202 stilum
357 2133 594 2228 prebenderat,
628 2134 800 2229 motusque
823 2132 945 2205 omnis
978 2131 1093 2220 animi,

138 2259 292 2337 tanquam
315 2261 453 2331 ventuS,
478 2243 647 2316 bominem
672 2241 858 2331 defecerat,
884 2240 1109 2314 flaccescebat

137 2351 266 2422 oratio:
293 2354 385 2450 quod
404 2353 464 2443 iis,
488 2354 546 2450 qui
564 2353 703 2431 limatius
720 2351 851 2425 dicendi
869 2352 1093 2425 consectantur

26 2543 28 2547 ¹
136 2483 256 2556 genus,
302 2463 451 2534 accidere
472 2487 541 2533 non
559 2459 663 2550 solet,
699 2483 874 2556 propterea
894 2461 989 2557 quod
1014 2488 1098 2558 pru-=

136 2569 245 2642 dentia
286 2599 453 2669 nunquam
477 2572 589 2644 deficit
613 2577 802 2661 oratorem,
833 2597 898 2669 qua
921 2573 976 2645 ille
1002 2599 1090 2647 utens

135 2679 254 2750 eodem
285 2682 394 2751 'modo
423 2681 521 2776 poffit
547 2698 579 2765 et
611 2681 719 2760 dicere
748 2700 780 2753 et
813 2680 966 2753 scribere.
993 2685 1088 2758 ardor

135 2788 235 2858 animi
271 2815 340 2859 non
377 2789 503 2888 semper
537 2791 650 2878 adest,
688 2791 778 2888 isque
809 2816 884 2862 cum
900 2838 906 2846 -
924 2792 1088 2880 consedit,

134 2896 243 2968 omnis
268 2897 321 2968 illa
344 2900 449 2973 viset
474 2901 562 2997 quasi
577 2894 579 2900 ¹
594 2900 726 2973 flamma
747 2903 887 2973 oratoris
911 2901 1086 3002 exstingui-

51 3078 52 3085 ,
81 3038 113 3086 94
133 3027 196 3077 tur
246 3008 375 3078 Hanc
367 3009 465 3107 rgitur
489 3011 534 3079 ob
562 3011 691 3083 causam
712 3013 843 3085 videtur
872 3011 976 3083 Laelii
1002 3035 1087 3085 mem

40 3147 42 3154 ·
132 3118 252 3213 spirare
280 3121 377 3194 etiam
402 3123 437 3194 in
467 3123 613 3221 scriptis,
650 3127 774 3199 Galbae
808 3143 920 3197 autem
953 3128 1008 3202 vis
1034 3151 1084 3198 oc·

133 3230 254 3303 cidisse.
427 3286 433 3298 .

66 3374 107 3451 ²5
142 3347 322 3418 Fuerunt
343 3348 441 3419 etiam
460 3350 497 3420 in
513 3371 683 3424 oratorum
701 3356 841 3425 numero
865 3353 1081 3428 mediocrium

130 3454 166 3524 L.
192 3474 225 3525 et
249 3455 302 3550 Sp
322 3459 476 3529 Mummii
490 3459 660 3564 ,fratres,
686 3487 830 3559 quorum
862 3460 991 3535 exstant
1020 3488 1080 3534 am·
1131 3450 1133 3455 ¹

128 3561 248 3634 borum
271 3564 454 3638 orationes:
480 3514 615 3665 simplex
635 3569 770 3668 qurdem
793 3572 830 3641 L
849 3586 882 3640 et
909 3571 1079 3669 antiquus.

128 3673 182 3766 Sp.
203 3691 312 3745 autem
335 3674 440 3745 nihilo
460 3676 514 3748 ille
538 3676 670 3775 quidem
695 3678 865 3767 ornatior,
894 3676 954 3749 sed
976 3699 1079 3750 tamen
1129 3630 1133 3753 i

46 3778 49 3783 ’
130 3780 323 3873 adstridior.
348 3783 413 3858 fuit
440 3785 528 3857 enim
555 3788 678 3862 dolius
697 3815 739 3863 ex
761 3787 932 3887 disciplina
951 3789 1133 3869 Stoico-¹

67 3958 91 4023 b
171 4012 177 4025 .

487 4039 489 4043 ,
578 4028 620 4069 ky·
