2302 4304
141 292 206 365 1m
285 305 287 309 ·
387 253 898 401 Deonnrona

135 452 238 526 Ctaffi
254 451 390 551 quidem
412 452 632 551 responsum,
664 453 850 527 excellentis
870 451 1041 528 cuiusdam
1057 453 1106 528 est

79 618 90 657 Ι.
133 562 315 660 ingeniine
344 563 532 661 singularis:
576 554 629 635 cui
648 563 804 660 quiddam
828 565 976 686 portenti
995 563 1104 639 limile

132 672 197 744 effe
219 673 326 745 visum
356 671 423 758 est,
456 670 551 768 poffe
577 671 751 768 aliquem
742 672 887 745 inveniri
908 695 1100 797 oratorem,

132 780 190 877 qui
213 778 337 876 aliquid
363 779 440 849 mali
463 776 589 849 faceret
615 777 787 867 dicende,
818 778 1070 878 obessetque
1042 808 1102 870 er,

63 922 111 975 ²99
133 913 234 987 quem
248 887 459 961 defenderet:
452 885 558 959 ·facit
576 888 664 979 enim
680 888 761 961 dese
775 889 1017 975 coniecturam
1038 916 1099 962 cu

131 1021 181 1068 rus
191 1013 281 1068 tanta
296 998 347 1069 vis
361 997 486 1095 ingenii
509 996 1101 1091 est,utnenunemnis1consulto,

130 1123 244 1196 putet,
273 1105 367 1201 quod
389 1103 508 1177 coritra
515 1105 621 1202 seips
622 1134 666 1178 un
686 1106 749 1197 fit,
775 1108 904 1185 dicere:
931 1108 1021 1209 (scd
1032 1137 1099 1209 ego

111 1227 198 1285 'non
220 1216 262 1286 de
286 1214 457 1312 praestanti
484 1220 624 1315 quadam
639 1234 671 1289 et
685 1217 826 1308 eximia,
845 1217 901 1290 sed
924 1243 1033 1315 prope
1057 1222 1099 1295 de

130 1325 257 1422 vulgari
266 1344 299 1396 et
313 1326 484 1397 communi
493 1327 668 1422 prudentia
681 1324 829 1429 disputo)
848 1327 982 1422 utapud
992 1330 1102 1399 Grae

129 1435 188 1507 cos
208 1434 314 1508 fertur
339 1435 522 1509 incredibili
552 1437 694 1534 quadam
727 1437 949 1535 magnitudine
970 1438 1102 1512 confilii

81 1560 84 1567 ’
128 1558 235 1638 atque·
252 1544 375 1647 ingenii
407 1544 610 1625 Atheniensis
635 1545 687 1617 ille
714 1545 807 1617 fuiffe
829 1543 1100 1651 Themistocles,

113 1653 173 1743 ,ad
187 1680 288 1750 quem
313 1656 449 1754 quidam
470 1658 587 1730 dodus
600 1657 706 1729 homo
721 1677 819 1754 atque
844 1657 879 1726 in
894 1658 1011 1754 primis
1021 1684 1099 1730 eru·

129 1758 240 1847 ditus,
271 1764 430 1837 acceffiffe
456 1755 596 1866 dicitur,
639 1763 734 1862 eique
763 1781 867 1836 artem
889 1767 1099 1856 memoriae,

128 1892 212 1965 quae
228 1889 299 1943 tum
321 1875 466 1970 primuni
470 1849 749 1970 proferebatur,
768 1873 932 1969 pollicitus
950 1874 1040 1966 effe,
1064 1877 1097 1950 se
1124 1945 1128 1952 .

93 2024 97 2034 ι
127 1979 349 2066 traditurum:
381 2009 458 2055 cum
479 1984 532 2056 ille
555 1979 721 2082 quaesrffet
742 2037 755 2068 ,
777 1984 935 2081 quidnam
967 1985 1022 2059 illa
1045 2013 1098 2063 ars

124 2089 254 2163 efficere
276 2094 415 2191 pollet,
455 2095 567 2167 dixiffe
598 2095 689 2167 illum
722 2095 894 2167 dodorem
917 2149 928 2184 ,
952 2117 990 2168 ut
1016 2122 1097 2170 om·

124 2205 178 2277 nia
202 2190 428 2293 meminissem
465 2225 498 2278 et
526 2207 560 2278 ei
584 2203 845 2277 Themistoclem
871 2205 1096 2301 respondisse,

18 2311 19 2318 '
76 2327 78 2331 ’
124 2316 325 2417 gratiusfibi
339 2319 431 2392 illum
444 2317 508 2390 effe
523 2316 687 2408 'faciurum
703 2371 714 2404 ,
733 2310 800 2388 sile
816 2317 986 2407 oblivisci,
1008 2331 1095 2421 quae

53 2454 103 2508 300
123 2429 222 2501 vellet
235 2482 262 2516 „
280 2454 380 2526 quam
404 2427 427 2499 s1
446 2427 651 2530 meminisse,
688 2427 858 2501 docuiffet.
922 2429 1094 2518 Videsne,

125 2542 276 2639 quaevis
297 2542 332 2613 in
354 2541 490 2626 homine
513 2541 665 2618 acerrimi
683 2541 828 2640 ingenii,
855 2567 954 2638 quam
973 2560 1094 2639 potens

123 2667 157 2720 er
173 2652 305 2745 qplnta
318 2673 412 2720 mens
435 2646 562 2720 fuerit?
590 2649 648 2752 qui
672 2647 718 2727 ita
722 2648 965 2745 responderit,
984 2667 1022 2720 ut
1044 2651 1096 2722 in-

22 2802 25 2810 ·
111 2761 267 2879 telligere
282 2760 468 2856 pollemus,
495 2761 577 2831 nihil
597 2768 638 2830 ex‘
655 2757 743 2833 illius
760 2762 893 2848 animo,
928 2762 1021 2858 quod
1045 2762 1095 2835 se-

20 2861 22 2864 ⁴
111 2839 186 2941 mel
204 2867 284 2943 effet
301 2862 467 2953 infusum,
496 2893 647 2970 unquam
675 2869 807 2943 effluere
828 2868 1093 2967 potuille2cum

122 2983 258 3081 quidem
281 3006 312 3052 er
303 2976 426 3052 fuerit
449 2979 648 3076 optabilior,
689 2973 840 3053 oblivisci
861 2980 953 3077 polle
967 2982 1093 3076 potius,

122 3091 216 3191 quod
235 3088 417 3189 memipilse
431 3087 564 3173 nollet,
591 3112 691 3185 quam
716 3087 810 3185 quod
837 3088 935 3162 semel
951 3091 1092 3171 audiffer

24 3237 26 3240 ⁴
105 3198 295 3293 -uidissetve
308 3253 329 3304 ,4
349 3197 553 3299 meminisse„
602 3198 666 3271 Sed
696 3225 829 3296 neque,
863 3217 1000 3297 propter
1023 3200 1092 3277 hoc

57 3310 68 3394 ’,
120 3310 353 3384 Themistoclis
366 3310 576 3407 responsum,
590 3311 771 3406 memoriae
783 3310 881 3383 nobis
894 3335 998 3408 opera
1010 3310 1093 3382 dan.-

53 3493 56 3500 ,
120 3423 162 3495 da
184 3445 254 3492 non
285 3419 352 3510 est,
380 3446 487 3520 neque
507 3421 561 3492 illa
587 3445 661 3493 mea
687 3421 800 3493 cautio
826 3437 859 3492 et
873 3419 1032 3514 timiditas
1053 3421 1091 3499 in

119 3527 236 3617 causis,
261 3535 400 3626 propter
413 3529 629 3628 praestantem
656 3531 865 3627 prudentiam
878 3528 1004 3618 Craffi,
1026 3556 1089 3603 ne·

118 3638 267 3737 gligenda
286 3639 341 3712 est.
391 3645 540 3738 Uterque
564 3641 652 3714 enim
681 3641 819 3717 istorum
846 3669 916 3715 non
935 3643 1019 3723 mihi
1040 3635 1092 3717 at·
1121 3629 1125 3637 .

22 3790 25 3795 «
49 3780 95 3845 391
114 3751 188 3824 tulit
205 3752 366 3852 aliquam,
385 3753 450 3850 ,sed
464 3752 554 3825 suam
568 3752 765 3852 significavit
782 3742 983 3848 facultatem.
1008 3759 1091 3854 Ete-

66 3942 100 4024 ι.
338 3894 473 3935 ι’
