2304 4304
130 280 201 370 ,m
448 268 774 345 οιιτοι

128 437 192 511 Sed
216 459 253 510 ut
273 435 396 532 segetes
414 430 575 506 secundae
602 447 635 504 et
660 429 775 504 uberes
801 453 870 502 non
890 428 1000 504 solum
1020 426 1074 502 t'ru·¹
1116 464 1123 489 ι

127 567 200 640 ges,
212 564 331 616 verum
346 538 462 611 herbas
475 555 573 611 cuam
583 530 756 611 effundunt
771 537 1118 612 inimiciffimassru
1109 554 1123 621 u

110 650 242 750 gibus:
266 648 310 723 sic
333 648 498 721 interdum
514 672 554 718 ex
576 646 637 719 illis
662 646 770 739 locis,
796 666 851 724 aut
875 649 969 723 levia
987 673 1076 749 quae·
1118 663 1120 670 '

126 759 203 829 dam
214 774 304 843 ,aut
324 755 424 829 causis
444 756 573 845 aliena,
598 775 656 830 aut
674 782 744 829 non
766 761 856 831 utilia
883 760 1077 858 gignuntur5

8 952 11 957 ,
126 893 272 965 quorum
292 869 333 941 ab
349 869 491 943 oratoris
519 869 645 943 iudicio
663 869 803 944 deleslus
825 893 968 966 magnus
990 865 1076 939 adhi-
1118 905 1123 949 ι

77 1004 110 1054 49
127 974 265 1051 bebi'tur.
312 979 447 1076 Alioqui
464 1005 612 1077 quonam
634 980 741 1053 modo
761 979 813 1052 ille
840 978 876 1051 in
892 979 994 1052 bonis
1008 977 1077 1049 hac·
1120 1008 1123 1061 ς

126 1089 257 1161 rebitet
273 1089 433 1163 habitabit
446 1089 537 1164 suist
557 1110 613 1164 aut
626 1090 752 1167 molliet
766 1091 871 1182 dura,
896 1111 955 1164 aut
971 1090 1077 1173 occul·

128 1201 226 1286 tabit,
250 1226 335 1300 quae
351 1203 430 1276 dilui
452 1229 524 1276 non
536 1223 716 1302 poterunt
732 1223 836 1302 atque
859 1205 1005 1276 omnino
1022 1227 1077 1299 op·

126 1312 269 1406 primet,
292 1311 468 1403 filicebit,
488 1331 549 1386 aut
565 1315 704 1387 abducet
728 1312 884 1385 animosi
913 1331 970 1384 aut
1000 1308 1079 1384 aliud

131 1417 268 1508 afferet,
305 1421 400 1518 quod
416 1421 606 1517 oppositum
628 1422 844 1526 probabilius
849 1420 888 1493 sit
904 1411 1081 1519 ,quamd-

79 1555 110 1606 ιο
93 1524 203 1616 οῙιιιΙ,
222 1528 315 1625 quod
330 1528 496 1604 obstabit?
518 1533 588 1603 lam
608 1555 693 1604 vero
708 1555 747 1603 ea
761 1552 876 1626 ,quae
891 1526 1080 1612 invenerit,
1089 1578 1091 1582 v

125 1665 192 1738 qua
208 1642 376 1741 diligentia
394 1642 603 1716 collocabit?
629 1641 789 1763 quoniam
810 1639 846 1710 id
864 1638 1080 1711 secunduma

30 1782 33 1786 ·
126 1771 179 1821 rar
200 1750 241 1823 de
261 1750 376 1823 tribus.
424 1748 643 1832 Vestibula
612 1750 768 1823 nimirum
788 1744 948 1834 honesta,
972 1742 1081 1816 aditus·

125 1880 191 1954 que
204 1857 246 1929 ad
265 1857 395 1959 causam
416 1855 515 1933 saciet
532 1857 667 1933 illustres
681 1880 857 1954 :cumque
875 1856 1010 1926 animos
1022 1854 1082 1951 pri·
1112 1854 1123 1893 '·

46 2006 51 2033 ·.
124 1986 180 2041 ma
211 1964 413 2065 aggressione
449 1967 688 2062 occupaverit,
713 1963 891 2036 infirmabit
921 1962 1082 2035 excludet·
1120 1954 1123 1959 ’

70 2121 76 2127 -
123 2100 189 2174 que
206 2075 391 2161 contraria;
412 2074 454 2146 de
476 2073 663 2148 sirmissrmis
677 2075 739 2148 alia
759 2078 864 2171 prima
879 2091 1011 2169 ponet,
1028 2071 1083 2143 alia

72 2250 74 2254 .
123 2185 315 2283 poshema,
339 2184 581 2283 inculcabitque
604 2185 743 2258 leviora.
792 2186 902 2280 Atque
921 2181 1082 2278 inprimis

122 2296 247 2370 duabus
256 2295 387 2369 dicendi
401 2294 548 2389 partibus
566 2296 671 2392 qualis
682 2295 780 2383 esset,
806 2291 995 2365 summatim
1009 2291 1082 2363 bre·

60 2411 104 2482 16
121 2409 275 2508 viterque
302 2407 536 2505 descripsimus
596 2409 681 2496 Sed,
698 2427 746 2481 ut
767 2423 841 2478 ante
871 2405 996 2504 dilium
1017 2402 1083 2490 est,

85 2520 155 2591 ·in
180 2521 231 2593 his
260 2519 406 2615 partibus
436 2517 524 2616 (etfi
550 2525 664 2617 grave's
696 2537 794 2615 atque
819 2542 873 2587 ma
875 2541 958 2613 gnae
984 2512 1082 2610 sum)

72 2631 228 2718 51minus
241 2650 275 2703 et
290 2631 365 2704 artis
380 2630 441 2721 est,
466 2650 500 2705 et
514 2632 645 2707 laboris
681 2631 769 2702 Cum
783 2652 913 2714 aurem,
936 2626 1032 2723 quid,
1052 2645 1083 2697 et

82 2763 188 2838 quo
207 2741 299 2830 loco,
310 2741 433 2826 dicat,
425 2741 613 2831 invenerit,
626 2741 705 2813 illud
718 2738 765 2812 est
778 2739 877 2836 longe
887 2760 1084 2822 maximum

106 2841 233 2926 ⁸videre
250 2876 430 2948 ,quonam
458 2853 575 2925 modo.
623 2852 747 2923 Scitum
775 2849 822 2921 est
846 2847 966 2936 enim,
992 2845 1104 2943 quod

118 2907 307 3047 Carneades
330 2960 443 3033 noster
461 2961 571 3033 dicere
587 2959 730 3047 solebat,
756 2957 1007 3030 Clitomachum
1029 2978 1084 3025 ea·

118 3079 195 3150 dem
207 3077 338 3164 dicere,
364 3072 584 3144 Charmadam
596 3091 707 3144 autem
721 3071 842 3150 eodem
863 3067 963 3139 etiam
978 3065 1085 3138 modo

117 3183 238 3255 dicere.
288 3128 391 3276 Qirod
426 3177 515 3250 srin
536 3177 744 3275 philosophia
770 3193 899 3248 tantum
924 3172 1083 3262 interest,

117 3294 399 3395 quernadnrodcun
416 3293 528 3380 dicas,
554 3294 609 3366 ubi
627 3318 679 3366 res
707 3293 893 3392 speclatut,
920 3312 992 3361 non
1004 3313 1083 3361 ver

116 3404 161 3476 ba
182 3403 392 3500 penduntur·
418 3404 499 3502 quid
522 3403 675 3476 tandem
666 3429 701 3474 ιιι
714 3399 816 3474 causis
830 3396 1086 3471 existimandum

70 3549 100 3602 52
84 3514 189 3606 2,est
213 3513 332 3614 quibus
347 3515 427 3588 totu
439 3517 630 3590 moderatur
648 3514 783 3590 oratio?
823 3513 928 3607 Quod
947 3511 1083 3610 quidem

116 3655 203 3750 ego,
225 3631 342 3714 Brute,
367 3652 408 3699 ex
424 3630 488 3727 tuis
503 3629 605 3703 literis
618 3629 820 3719 sentiebam,
845 3652 916 3700 non
933 3645 967 3698 te
976 3625 1013 3697 1d
1022 3624 1081 3698 scr-

39 3751 43 3762 ·
115 3736 203 3824 sari,
227 3737 359 3836 qualem
383 3762 448 3838 ego
472 3738 508 3813 in
527 3738 732 3816 inveniendo
757 3757 792 3814 et
820 3737 861 3810 in
881 3735 1081 3871 collocando

797 3882 803 3925 ι
