2302 4304
73 294 184 368 2u
373 262 875 345 oroanroae

135 433 289 505 Servium
310 433 471 524 Galbam,
495 458 595 531 quem
619 433 790 505 hominem
817 433 923 530 probe
943 456 1097 507 comme*

136 537 263 614 minisse
283 543 315 615 se
341 543 464 632 aiebat,
500 535 704 640 pergraviter
740 539 978 636 reprehendere
1009 539 1098 611 sole-

136 651 217 741 bat,
243 653 336 749 quod
351 653 394 742 is,
417 656 453 741 L.
472 652 647 723 Scribonio
673 651 896 748 quaestionem
909 653 944 722 in
958 649 1095 723 euntse-

44 754 47 763 ¹
137 782 253 849 rente,
279 765 394 861 populi
412 762 671 835 misericordiam
699 761 915 850 concitasset,
941 785 1018 836 eum
1045 764 1097 834 M.

136 876 245 965 Cato,
259 876 382 947 Galbae
405 872 514 972 gravis
533 893 629 968 atque
643 894 718 942 acer
739 869 912 959 inimicus,
926 868 1037 966 aspere
1060 893 1095 939 a·

136 983 205 1078 pud
218 982 377 1079 poptdum
393 983 583 1052 Romanum
608 998 641 1051 et
668 978 880 1052 vehementer
908 977 987 1051 esset
999 976 1097 1049 locu

134 1113 211 1165 tus:
236 1117 336 1193 quam
354 1091 540 1163 orationem
553 1088 587 1159 in
600 1087 794 1186 Originibus
809 1087 872 1159 suis
884 1086 1058 1183 exposuit
1049 1112 1097 1183 rp-

72 1200 178 1271 2..tse
227 1198 528 1301 Reprehendebat
520 1198 620 1295 rgirur
642 1196 783 1268 Galbam
805 1196 966 1285 Rutilius,
1003 1195 1097 1292 quod

135 1313 225 1384 isC.
251 1313 384 1409 Sulpicii
411 1312 522 1400 Galli,
558 1308 738 1406 propinqui
765 1308 838 1394 sui,
857 1310 912 1400 Q.
935 1305 1097 1432 pupillum
1125 1295 1128 1299 ’

136 1417 240 1489 silium
260 1420 327 1515 ipse
341 1445 443 1516 paene
461 1421 497 1492 in
509 1421 665 1494 humeros
674 1422 748 1494 suos
760 1420 941 1508 extulisset,
966 1420 1024 1516 qui
1037 1443 1097 1515 pa·

18 1600 21 1604 ,
88 1527 90 1531 ’
135 1528 193 1600 tris
207 1529 369 1625 clarissimi
387 1531 619 1608 recordatione
641 1549 675 1602 et
700 1531 862 1603 memoria
892 1528 1008 1601 fletum
1030 1515 1098 1625 po-'

135 1637 215 1732 pulo
237 1659 388 1710 moveret
400 1691 411 1724 ,
436 1661 470 1710 et
495 1639 579 1711 duos
605 1637 692 1725 filios
716 1639 791 1711 suos
825 1662 950 1735 parvos
977 1639 1097 1711 tutelae

136 1746 251 1842 populi
264 1746 541 1838 commendasset,
569 1773 607 1819 ac
622 1746 678 1838 se,
704 1771 860 1845 tanquam
874 1748 909 1818 in
922 1747 1099 1844 procindu

136 1857 364 1930 testamentum
386 1857 533 1948 faceret,
556 1858 621 1930 srne
639 1858 729 1935 ,libra
744 1876 843 1955 atque
861 1856 1003 1946 tabulis,
1032 1859 1097 1954 po-

137 1967 252 2063 pulurh
265 1970 454 2040 Romanum
474 1986 618 2041 tutorem
632 1967 797 2039 instituere
813 1966 942 2038 dixisset
963 1966 1100 2042 illorum

138 2074 282 2146 orbitati.
335 2071 446 2171 ltaque
469 2098 546 2170 cum
560 2094 593 2146 et
610 2072 735 2146 invidia
750 2092 782 2146 et
793 2070 885 2147 'odio
894 2073 1010 2170 populi
1021 2093 1098 2148 turn

138 2185 244 2256 Galba
265 2207 468 2282 premeretur
482 2239 493 2274 ,
508 2185 568 2258 his
589 2211 723 2284 quoque
752 2212 830 2258 eum
856 2184 1035 2283 tragoediis
1056 2186 1098 2256 li-

138 2297 289 2370 beratum
301 2296 447 2395 serebat,
481 2297 575 2394 quod
596 2295 675 2369 item
696 2296 783 2392 apud
804 2296 968 2365 Catonem
994 2290 1099 2392 se'rip-

138 2423 209 2480 tum
227 2408 291 2479 esse
313 2406 435 2497 video,
468 2406 530 2504 rifi
544 2410 647 2499 pueris
669 2429 697 2476 ιι
723 2409 877 2499 lacrymis·
906 2405 980 2496 usus
1007 2403 1101 2504 effer,

133 2547 254 2621 poenas
266 2549 332 2590 eum
351 2524 495 2590 daturum
501 2517 610 2615 fuiffe.
661 2520 751 2588 Haec
767 2516 906 2587 Rutilius
928 2515 1025 2588 valde
1044 2516 1099 2590 vi-

139 2633 337 2726 tuperabat,
369 2650 402 2702 et
419 2631 497 2702 huic
524 2631 721 2718 humilitati,
756 2630 908 2718 dicebat,
933 2628 989 2701 vel
1009 2627 1096 2699 exsr-
1120 2661 1131 2690 κ

74 2763 121 2818 ²29
140 2739 220 2812 lium
242 2741 335 2813 fuisse
353 2743 407 2816 vel
430 2761 573 2816 mortem
579 2743 858 2839 anteponendam.
905 2742 1022 2836 Neque
1035 2766 1101 2817 ve-

139 2878 180 2939 ro
202 2854 269 2924 hoc
297 2854 400 2926 solum
425 2855 540 2946 dixit,
578 2856 632 2927 sed
659 2855 724 2951 ipse
747 2877 780 2927 et
798 2853 919 2950 sensit,
950 2870 984 2924 et
1005 2851 1098 2924 fecit.

20 2956 30 3067 J
140 2989 223 3035 nam
231 2989 307 3036 cunr
324 2965 403 3037 esset
423 2966 522 3039 ille
488 2993 543 3040 var
551 2966 775 3077 exemplum,
801 2987 838 3037 ut
862 2962 1007 3049 scitia,
997 2989 1099 3036 mno-

140 3076 289 3165 centiae3
314 3105 457 3176 cumque
480 3080 535 3151 illo
550 3104 649 3150 nemo
668 3103 773 3175 neque
795 3075 957 3174 integrior
970 3073 1099 3146 essetin

140 3189 292 3278 civitate,
318 3215 424 3289 neque
442 3190 601 3276 sandior‚
626 3213 696 3260 non
708 3187 812 3258 modo
825 3184 968 3296 supplex.
976 3180 1099 3254 iudici-
1115 3195 1119 3204 “

34 3343 37 3348 *
139 3302 201 3375 bus
224 3304 287 3375 esse
309 3305 437 3391 noluit,
462 3304 518 3395 sed
531 3328 571 3374 ne
590 3302 736 3375 ornatius
750 3300 884 3397 quidem
897 3314 953 3369 aut
965 3295 1100 3368 liberius

84 3425 109 3469 ἓτ-
140 3411 270 3486 causam
287 3415 352 3486 dici
371 3416 469 3504 suam,
488 3440 587 3511 quam
600 3411 734 3507 simplex
744 3427 828 3480 rano
846 3405 992 3481 veritatis
1014 3403 1101 3475 sere-

30 3570 32 3577 ·
139 3527 204 3602 bat.
218 3509 433 3602 Paulumhuic
447 3529 571 3598 Cottae
585 3525 697 3597 tribuit
709 3525 870 3642 partium,
878 3519 1102 3593 differtiffimo
1141 3568 1143 3576 ι

137 3633 363 3724 adolescenti,
381 3633 504 3706 sororis
525 3632 597 3703 suae
616 3631 695 3703 silio.
745 3628 870 3703 Dixit
862 3645 942 3700 rtem
968 3627 1102 3700 causam

141 3744 228 3819 'llam
218 3743 391 3895 qaedam
405 3767 446 3816 ex
464 3742 614 3839 parteQ.
637 3733 798 3830 Mucius,
813 3762 908 3813 more
921 3735 1005 3827 sno,
1027 3733 1105 3808 nult·¹
