2304 4304
148 307 220 397 460
472 290 999 409 ousion

159 481 218 536 tes.
231 482 265 535 at
278 487 348 535 non
370 462 588 562 Thucydides
604 495 617 538 :.
636 491 677 562 ne
695 465 748 540 ille
763 464 921 563 quidem,
933 459 1024 540 haud
1039 483 1116 566 pau·'

77 637 82 643 .
158 575 193 645 lo
216 572 324 644 maior
340 573 496 669 scriptor,
523 575 640 662 Plato;
665 571 727 653 nec
748 578 853 652 soienn
876 578 910 649 in
929 578 980 650 his
1003 580 1116 654 sermo

158 684 276 772 nibus,
315 685 373 781 qui
405 685 528 783 dialogi
566 686 748 781 dicunturss„
786 688 971 762 ubi-etiam
1003 693 1044 765 de'
1071 693 1116 764 in·

156 790 278 864 dustria
295 791 329 863 id
349 791 534 866 faciendum
557 794 650 880 fnit,
666 794 725 867 sed
737 797 782 867 .in
809 798 964 894 populari
989 801 1124 879 oratio-2
1142 832 1149 903 ι

157 933 216 992 ne,
243 931 308 1004 qua
326 931 401 979 mos
417 907 464 979 est
485 906 624 983 Athenis
646 898 775 988 ¹laudari
793 910 828 986 iu
853 911 1019 983 concione
1040 914 1116 999 eor,

157 1020 215 1119 qui
238 1021 356 1094 sintin
374 1023 507 1119 proeliis
525 1024 689 1098 interfecti
704 1052 712 1095 :
740 1049 823 1122 quae
834 1024 887 1109 ,src
899 1020 1040 1121 probata
1052 1026 1116 1115 cst,

156 1150 194 1204 ut
211 1154 284 1200 eam
305 1132 498 1226 quotannis,
520 1153 558 1205 ut
580 1132 663 1223 scis,
689 1132 747 1204 illo
766 1134 818 1204 die
841 1133 973 1205 recitari
992 1136 1117 1225 necesse

156 1242 204 1314 srt.
226 1243 260 1313 in
289 1269 328 1315 ea
354 1243 401 1315 est
424 1246 540 1318 crebra
562 1244 626 1327 ista
641 1270 766 1319 vocum
783 1243 1115 1344 'concrusro,'⁴quam
1145 1288 1149 1311 ,

156 1381 276 1453 magna
292 1381 336 1427 ex
357 1377 471 1451 parte,
496 1379 534 1430 ut
553 1348 729 1445 vitiosam,
755 1353 840 1452 sugit
858 1350 1116 1429 Demosthenes.

92 1494 136 1565 45
156 1471 218 1542 Sed
237 1469 357 1543 Graeci
386 1469 554 1543 viderint:
582 1467 695 1554 nobis,
727 1493 768 1539 ne
795 1466 819 1537 fi
852 1461 1024 1562 cupiamus
1044 1470 1115 1565 qui·

95 1579 255 1669 152dem,
279 1578 456 1651 distrahere
475 1596 582 1651 voces
605 1576 811 1663 conceditur
859 1577 1013 1649 Indicant
1043 1602 1113 1648 ora·

33 1758 36 1763 .
154 1691 263 1797 tiones
284 1691 355 1765 illae
373 1691 459 1789 ipsae
478 1690 667 1762 horridulae
689 1689 847 1761 Catonis:
876 1687 1027 1761 indicant
1046 1714 1110 1762 orn·

154 1827 213 1873 nes
230 1806 369 1897 poetae,
396 1818 526 1896 praeter
549 1825 628 1890 eor,
632 1801 711 1899 qui
729 1817 765 1872 ut
787 1772 921 1874 versum
947 1800 1124 1893 facerent,

155 1913 250 2043 saepe
271 1914 425 2000 hiabant3
449 1936 487 1986 ut
504 1915 673 1990 Naevius:

154 2025 364 2207 Etlsspdepnui
366 2023 511 2094 accolitis
518 2023 828 2180 Hijltumfluuium,
836 2047 934 2142 atque
946 2029 1112 2183 Algidun.

204 2251 312 2343 Quam
328 2273 489 2340 nuquam
508 2247 597 2319 vobis
612 2246 733 2332 Graii,
753 2269 843 2340 atque
864 2247 1010 2350 Barbari.

154 2366 199 2436 At
220 2362 343 2435 Ennius
365 2359 484 2433 semel:

198 2477 307 2567 Scipio
328 2473 520 2544 invide-⁴

150 2583 193 2653 Er
215 2583 393 2678 quidem
372 2605 458 2652 nos:

40 2716 44 2724 ’
75 2762 79 2769 ,
198 2697 272 2766 Hoc
292 2704 378 2765 motu
401 2692 565 2765 radiantis
584 2691 733 2789 Etesiae
719 2717 755 2759 zu
776 2692 862 2761 vada
873 2676 982 2783 ponti.

148 2798 224 2895 Hoc
246 2801 336 2871 idem
356 2799 458 2872 nostri
478 2800 602 2894 saepius
620 2823 690 2870 non
710 2796 872 2884 tulissent,
894 2796 989 2893 quod
1007 2797 1109 2867 Grae·

89 2930 132 2982 153
148 2909 180 2981 ci
201 2909 331 3005 laudare
357 2910 455 2983 etiarn
484 2910 597 2982 soient.
648 2910 711 2980 Sed
737 2900 817 3006 quid
845 2932 912 3005 ego
943 2900 1104 2995 vocasses?

149 3000 216 3094 sine
238 3022 409 3096 vocalibus
429 3021 523 3118 saepe
539 3019 826 3101 brevitatisuaursa
851 3016 1106 3106 contrahdbant,

19 3141 23 3150 ’
145 3151 182 3204 ut
204 3133 250 3205 ita
273 3135 435 3224 dicerent,
462 3135 566 3202 multi'
582 3136 685 3204 modis
694 3133 797 3224 ,vas
819 3137 996 3234 argenteis,
1003 3135 1107 3230 paff’

19 3327 22 3333 ἢ
145 3243 304 3328 crinibus,
314 3244 401 3316 tec‘li'
404 3242 539 3340 stadis.
575 3240 679 3361 Quid
698 3264 781 3313 vero
807 3239 978 3329 licentius,
1010 3266 1105 3338 quarn

146 3346 238 3442 quod
267 3344 445 3420 hominum
468 3349 566 3425 etiarn
589 3347 724 3419 nomina
755 3345 994 3420 contrahebant
1004 3374 1104 3447 ,quo

69 3550 73 3557 ·
142 3453 244 3527 essent
267 3456 415 3552 aptiora?
456 3462 532 3530 nam
554 3480 591 3530 ut
613 3463 766 3547 duellum,
792 3459 953 3544 bellurn,
960 3478 997 3531 et
1014 3463 1104 3548 duis,

142 3568 216 3641 bis.
246 3569 266 3641 s
258 3597 289 3642 c
314 3575 502 3679 Duellium,
526 3599 623 3663 eurn,
648 3575 706 3671 qui
726 3575 859 3647 Poenos
876 3573 978 3649 classe
1007 3576 1102 3649 devi-

18 3713 22 3729 ·
59 3699 62 3706 '
91 3768 96 3774 Α
122 3683 210 3779 ¹cit,
237 3691 373 3762 Bellium
394 3690 671 3779 nominaverunt,
699 3715 776 3761 cum
795 3689 983 3814 superiores
1000 3689 1103 3791 appel·

70 3830 72 3834 ·
140 3794 197 3867 lati
217 3798 319 3935 essent
342 3800 470 3899 'semper
492 3804 628 3872 Duelu
677 3801 892 3893 Quinetiam
903 3802 1018 3877 verba
1038 3803 1101 3875 sae·
