2302 4304
329 308 703 408 ,tauron
954 286 1117 412 q9'

61 464 118 541 vis
126 464 166 540 fit
177 465 260 559 eius,
273 493 489 565 expromere,
506 487 724 570 quantamque
741 470 797 562 iis,
811 472 867 571 qui
880 473 941 546 srnt
952 497 1025 547 eam

62 577 245 667 consecuti,
258 578 447 676 dignitatem
460 579 584 669 afferat,
593 605 701 678 neque
712 582 916 677 proposrnun
929 583 1026 659 nobis

61 681 112 760 est
120 684 291 776 hocloco,
302 712 408 783 neque
416 687 639 761 necellarium.
652 688 729 760 Hoc
736 713 821 762 vero
829 688 893 761 fine
901 691 1026 762 ulladu·
1033 713 1040 735 ’Ν

63 794 228 874 bitatione
240 794 520 887 confirmaverim,
532 796 599 871 five
612 796 667 872 illa
680 797 897 893 artepariatur
907 798 1027 895 aliqua,
1109 814 1112 819 “

61 907 132 983 five
141 911 373 987 exercitatione
386 911 539 1008 quadam,
550 908 616 984 five
628 933 839 996 natura3rem
852 910 1028 983 unamelle

61 1017 216 1092 omni-um
234 1018 467 1097 difficillimam.
486 1019 604 1117 quibus
617 1019 705 1094 enim
719 1045 761 1094 ex
774 1020 919 1118 quinque
931 1021 1029 1095 rebus

56 1123 213 1206 ¹constare
243 1127 397 1218 dicitur,
427 1155 539 1206 earum
569 1153 780 1226 unaquaeque
814 1127 861 1202 ell
882 1153 933 1201 ars
962 1129 1030 1226 ipsa

63 1256 185 1330 magna
224 1259 285 1331 per
307 1234 381 1320 sese.
410 1237 522 1328 Quare
544 1237 690 1334 quinque
708 1237 826 1315 artium
854 1239 1030 1311 concursus

64 1359 307 1436 nummarium,
331 1364 485 1444 quantam
529 1349 625 1437 vim,
646 1365 865 1445 quantamque
887 1347 1030 1421 difficul-

65 1469 166 1526 tatem
188 1455 324 1544 haheat,
349 1458 526 1531 existimari
552 1457 667 1556 potelh
714 1457 823 1532 Testis
860 1455 906 1528 est
927 1460 1072 1542 Grae-7

63 1565 140 1653 cia,
158 1593 242 1664 quae
265 1595 343 1645 cum
354 1571 560 1670 eloquentiae
582 1571 692 1664 studio
720 1572 759 1644 fit
779 1571 928 1657 incensa,
944 1571 1029 1643 iam-
1047 1567 1080 1619 ²⁶

63 1676 187 1774 diuque
221 1679 358 1752 excellat
380 1680 415 1753 in
437 1708 501 1773 ea,
525 1682 727 1780 praestetque
761 1681 877 1754 ceteris
889 1732 901 1765 ‚
920 1678 1031 1755 tamen

62 1811 183 1862 omnes
205 1802 288 1863 artes
314 1789 510 1867 venuliores
536 1792 634 1868 habet
648 1786 667 1878 ,'
682 1811 715 1868 et
735 1789 841 1862 multo
862 1804 937 1860 ante
960 1811 1031 1858 non

63 1893 218 1972 inventas
247 1896 378 1988 solum,
401 1898 457 1972 sed
486 1901 586 1980 etiam
618 1899 799 1997 perfectas,
820 1923 920 1996 quam
947 1897 1031 1969 haec

63 2006 112 2079 est
138 1980 313 2083 adraecis
347 2011 512 2099 elaborata
534 2013 666 2086 dicendi
689 2013 765 2102 vis,
791 2033 888 2108 atque
923 2008 1032 2105 copia.

63 2118 103 2192 In
134 2142 235 2214 quam
264 2144 340 2192 cum
375 2121 524 2212 intueor,
540 2124 695 2206 ,maxime
721 2121 804 2193 mihi
825 2138 1032 2207 occurrrmt,

64 2227 178 2305 Attice
203 2282 216 2319 ,
245 2231 378 2327 etquafi
395 2233 506 2306 lucent
528 2235 677 2306 Athenae
695 2251 769 2304 tuae
782 2258 791 2301 r
805 2255 870 2326 qua
895 2229 930 2299 in
951 2226 1033 2300 urbo
1088 2292 1091 2297 .

66 2341 212 2438 primum
235 2342 267 2416 se
298 2364 414 2421 orator
450 2346 587 2436 extulit,
606 2346 816 2442 primumque
833 2341 1032 2416 etiam-mo·
1056 2368 1059 2379 ·

64 2449 231 2529 numentis
247 2470 280 2524 et
304 2452 406 2527 literis
428 2454 539 2527 oratio
568 2453 616 2525 est
648 2469 766 2548 coepta
786 2450 944 2539 mandari.
965 2451 1033 2522 Ta·-
1051 2480 1082 2530 27

64 2581 146 2628 men
173 2578 248 2628 anre
277 2559 459 2647 Periclem,
482 2559 575 2633 cuius
590 2560 707 2656 scripta
736 2555 896 2655 quaedam
918 2555 1032 2630 ferun-

64 2688 144 2758 tur,
169 2686 203 2744 et
225 2667 478 2766 Thucydidem,
497 2665 554 2764 qui
585 2690 656 2738 non
681 2664 886 2737 nascentibus
920 2665 1028 2738 Athe·

61 2779 137 2867 niS,
158 2777 214 2855 sed
242 2779 308 2860 iam
332 2777 448 2853 adultis
473 2777 627 2867 fuerunt,
651 2776 745 2849 litera
770 2775 855 2847 nulla
872 2772 934 2869 est,
946 2776 972 2872 q
1010 2800 1031 2848 e

62 2888 202 2986 quidem
222 2907 377 2967 ornatum
406 2890 549 2987 aliquem
582 2888 722 2978 habeat,
749 2890 791 2959 et'
805 2887 945 2965 oratoris
963 2911 1031 2972 ere
1040 2956 1048 2995 ,

64 2998 228 3072 videatur.
250 3001 461 3096 Quamquam
475 2997 591 3095 opinio
609 2996 675 3088 est,
696 3019 730 3071 et
745 3022 847 3082 eum,
866 2996 923 3093 qui
941 2997 1041 3116 mul<

61 3102 106 3176 tis
126 3104 221 3181 annis
240 3124 314 3182 ante
331 3107 394 3201 hos
417 3107 542 3198 fuerit,
563 3107 786 3195 Pisistratum,
806 3129 840 3176 er
860 3104 960 3200 paulo
978 3104 1029 3176 se-

61 3214 196 3290 niorem
235 3215 335 3288 etiam
363 3216 559 3307 Solonem,
593 3216 771 3314 posteaque
803 3212 1037 3308 Clisthenem,
1101 3311 1103 3315 .

61 3320 230 3412 mutum,
249 3341 285 3393 ut
301 3323 504 3420 temporibus
522 3326 604 3416 illis,
621 3323 757 3400 valuisse
779 3322 933 3399 dicendo.
952 3323 1032 3398 Post·-
1048 3347 1079 3399 28

61 3431 152 3507 hanc
188 3449 325 3506 aetatem
351 3434 477 3532 aliquot
507 3434 667 3525 annis‚ut
691 3461 734 3506 ex
759 3434 877 3506 Atticis
901 3429 1027 3505 inonu-

62 3541 184 3617 mentis
212 3541 320 3638 potest
344 3543 520 3641 perspici,
554 3543 790 3629 Themistocles
818 3542 902 3626 suin
928 3565 1030 3637 quem

46 3648 193 3731 constat
213 3675 289 3730 cum
315 3652 510 3746 prudentia,
532 3667 603 3721 tum
618 3651 716 3722 etiam
734 3647 924 3745 eloquentia
935 3671 1029 3742 prae-

61 3755 176 3840 stiriffe
190 3785 199 3838 ;
215 3757 290 3858 post
313 3760 480 3854 Pericles,
501 3758 559 3861 qui
581 3783 658 3834 curn
682 3757 818 3835 floreret
843 3755 937 3831 omni
966 3779 1030 3857 ge·,
