2304 4304
376 300 693 381 LIBERl
973 329 1022 401 79

58 466 303 568 spondillet3
299 496 360 543 nec
387 471 525 543 dubium
545 469 608 542 elle
640 468 770 568 polle.
777 468 882 541 Galba
914 487 1025 545 autem

58 580 209 652 alludens
223 579 342 668 varie,
368 597 402 651 et
423 577 578 700 copiose,
595 581 713 652 multas
738 562 959 652 srmilitudines
973 580 1024 651 af-

60 686 174 777 serre,
201 689 367 785 multaque
393 712 458 783 pro
485 687 646 784 aequitate
672 704 789 758 contra
815 688 865 756 ius
891 687 1025 758 dicere.

59 817 164 896 atque
191 798 305 889 illum,
332 824 408 870 ctnn
434 797 621 869 disserendo
648 822 709 894 par
724 796 800 888 ‚else
824 820 893 867 non
919 796 1026 891 posset

64 906 288 1005 (quamquam
314 906 378 978 suit
408 905 541 978 Crassus
572 906 608 976 in
634 931 774 978 numero
803 903 1025 996 disertorum,

61 1015 119 1089 sed
152 1043 213 1113 par
237 1020 363 1092 Galbae
389 1019 480 1090 nullo
501 1013 638 1114 modo‚)
662 1019 704 1088 ad
731 1017 880 1119 auderes
907 1015 1028 1086 confu-

63 1124 162 1221 giffe,
200 1143 232 1196 et
257 1127 305 1215 id,
332 1128 424 1223 quod
451 1125 521 1222 ipse
554 1126 697 1212 diceret,
726 1144 759 1197 et
785 1126 819 1197 in
847 1126 882 1196 P.
909 1126 1028 1214 Mucii,

64 1231 177 1305 fratris
200 1232 249 1304 sui
283 1235 404 1324 libris,
438 1252 472 1306 et
500 1235 535 1306 in
567 1237 640 1306 Sex.
673 1235 757 1306 Aelii
781 1235 1028 1308 commentariis
1062 1262 1064 1268 ·

66 1344 225 1442 scriptum
238 1346 424 1442 protulisset
438 1371 477 1418 ac
489 1363 599 1418 tamen
613 1344 813 1435 concessisse,
828 1344 954 1416 Galbae
968 1344 1029 1416 dis·

66 1460 273 1554 putationem
299 1458 356 1530 srbi
384 1459 590 1554 probabilem
616 1476 650 1530 et
670 1482 783 1553 prope
816 1482 932 1531 veram
974 1459 1028 1532 vi·

28 1644 31 1649 .
66 1565 149 1637 deri.
174 1569 350 1654 Attamen,
377 1590 461 1662 quae
488 1565 602 1639 causae
628 1565 700 1637 sunt
726 1566 908 1651 eiusmodi,
935 1586 973 1639 ut
986 1567 1027 1637 de
1045 1588 1087 1663 57

62 1669 184 1749 'earum
211 1675 282 1746 iure
315 1676 452 1748 dubium
478 1675 542 1746 esse
575 1700 643 1746 non
679 1675 793 1770 polstt,
826 1677 968 1747 omnino
994 1676 1028 1745 in
1042 1699 1086 1743 24¹

68 1784 229 1856 iudicium
258 1784 377 1859 vocari
403 1809 473 1855 non
502 1783 616 1855 solent.
640 1785 731 1855 Num
758 1783 831 1880 quis
858 1809 900 1855 eo
932 1782 1029 1855 testa-

67 1911 202 1980 mento,
225 1895 318 1991 quod
340 1892 573 1989 paterfamilias
595 1891 788 1981 antefecit,
811 1920 912 1992 quam
933 1895 964 1968 ei
990 1893 1031 1966 fi·
1117 1967 1120 1975 ,

70 2005 131 2077 lius
167 2023 259 2076 natus
290 2004 389 2094 esset,
422 2006 637 2078 hereditatem
660 2005 776 2102 ,petiti
804 2030 926 2078 nemo:
952 2006 1030 2103 q'uia

40 2125 43 2133 '
71 2114 216 2203 constat,
244 2114 448 2215 agnascendo
479 2117 588 2212 rumpi
615 2115 852 2217 testamentum
891 2121 982 2214 Ergo
995 2118 1031 2188 in

69 2226 136 2297 boc
163 2249 284 2322 genere
319 2224 411 2295 iuris¹
429 2223 549 2296 iudicia
579 2226 667 2296 nulla
700 2224 782 2296 sunt.
807 2224 901 2320 Licet
932 2224 1031 2319 igitur
1084 2220 1087 2227 ’

70 2335 207 2431 impune
228 2335 355 2406 oratori
370 2359 505 2407 omnem
527 2335 612 2406 hanc
634 2351 762 2429 partem
785 2333 864 2403 iuris
888 2331 1032 2427 [incon-

73 2436 276 2545 troversr']
267 2459 442 2536 ignorare,
474 2463 558 2536 quae
585 2465 661 2566 pars
691 2440 757 2511 stne
791 2440 894 2511 dubio
927 2443 1033 2514 mrdto

72 2553 218 2624 maxima
247 2551 373 2623 est21n
400 2577 444 2625 eo
484 2569 593 2622 autem
619 2553 710 2643 iure,
738 2554 831 2652 quod
858 2555 1033 2681 ambigitur
1046 2592 1092 2639 ψ

73 2662 158 2735 inter
185 2661 423 2758 peritilsrmos,
455 2687 544 2734 non
556 2660 602 2734 e'st
633 2663 762 2735 difficile
789 2667 938 2755 oratori,
965 2667 1033 2740 eius
1106 2725 1109 2732 .

73 2773 194 2897 partis?
225 2797 456 2871 quamcunque
482 2766 659 2863 defendat,
690 2777 859 2848 audorem
891 2778 1032 2875 aliquem

72 2881 249 2955 invenire:
275 2908 390 2980 aquo
422 2908 498 2954 curn
524 2903 701 2958 amentatas
727 2885 831 2959 hastas
858 2890 1033 2986 acceperit,

73 2981 143 3092 ipse
169 3020 223 3068 eas
245 2997 388 3070 oratoris
410 2997 537 3070 lacertis
557 2999 750 3124 viribusque
775 3003 952 3098 torquebit.
976 3004 1033 3074 Ni

72 3105 210 3179 sivero
238 3105 354 3205 (bona
378 3109 477 3182 venia
503 3108 599 3181 buius
633 3110 753 3205 optimi
795 3111 861 3184 viri
894 3111 1035 3184 dixerim

73 3217 285 3316 Scaevolae)
323 3236 360 3290 tu
385 3219 516 3308 libellis,
543 3238 598 3292 aut
625 3222 807 3318 praeceptis
839 3221 946 3295 soceri
972 3227 1035 3317 tui,

73 3324 209 3398 causam
231 3325 290 3400 Μ’.
313 3327 416 3399 Curii
435 3326 623 3399 defendisti.
644 3333 772 3404 'Nonne
791 3333 953 3429 arripuisti
979 3362 1035 3432 pa·

75 3435 257 3507 trocinium
288 3439 471 3535 aequitatis,
503 3454 537 3510 et
568 3437 792 3522 defensionem
824 3445 1033 3519 testamento-

49 3624 52 3631 ,
72 3567 168 3631 rum,
194 3570 234 3618 ac
255 3549 432 3622 voluntatis
459 3550 696 3622 mortuorum?
725 3553 776 3626 Ac
803 3581 876 3631 mea
898 3540 1036 3652 quidem
1047 3589 1093 3639 243

78 3653 252 3745 sententia,
280 3655 453 3755 (frequens
475 3660 564 3732 enim
592 3677 624 3732 te
647 3662 781 3754 audivi,
802 3687 899 3761 atque
921 3662 1030 3760 affui,)

77 3766 185 3840 multo
213 3768 375 3849 maiorem
398 3786 528 3870 partem
553 3772 791 3858 sententiarum
816 3767 878 3848 sale
904 3790 977 3867 ruo,
999 3793 1033 3848 et
