2304 4304
156 272 227 364 ur
454 269 801 345 ouurous

156 433 202 504 do
218 455 287 503 non
306 430 474 527 probavit.
499 432 592 524 Quid
610 457 696 507 vero
714 433 782 506 hoc
801 433 1008 532 elegantius,
1030 435 1112 536 quod

155 567 224 614 nou
243 540 281 614 sit
298 565 433 633 natura,
457 542 513 616 sed
531 544 677 649 quodam
699 542 874 618 instituto?
902 551 1051 642 inclytus
1069 550 1111 620 dr

154 655 261 727 cimus
284 653 380 727 brevi
400 653 507 750 prima
523 652 636 740 litera,
660 657 794 767 insanus
816 656 1006 752 producia:
1033 663 1112 730 inlu

154 794 269 838 manus
287 763 397 854 brevi,
424 764 542 888 infelix
559 761 669 860 longa.
689 781 751 852 et,
776 789 819 836 ne
843 765 980 856 multis,
1001 767 1111 864 quibus

154 877 191 948 in
209 875 320 949 verbis
335 899 391 946 eae
408 875 534 971 primae
551 871 661 944 literae
681 872 771 963 sunt,
794 897 880 971 quae
898 876 936 945 in
948 877 1130 969 sapiente„

153 1009 251 1083 arque
266 986 379 1077 felice,
405 983 563 1080 produeie
585 981 756 1068 dicitur;
747 1008 783 1053 m
802 982 918 1055 ceteris
944 985 1109 1074 omnibus,

152 1095 312 1170 breviter.
329 1098 475 1193 itemque
494 1095 686 1189 composuit,
716 1094 893 1185 consuevit,
918 1097 1109 1188 conuertit,

153 1212 306 1302 confecit:
329 1208 463 1284 consule
484 1208 681 1296 veritatem,
703 1203 949 1299 reprehendet:
976 1207 1065 1279 refer
1074 1205 1133 1281 ad.'

150 1348 262 1413 aures,
288 1308 486 1420 probabunt.
521 1347 666 1420 quaere,
691 1318 771 1393 cur?
795 1317 894 1390 irase
920 1318 1038 1391 dicent
1062 1319 1109 1391 iu·

151 1434 234 1507 vari.
265 1431 432 1528 voluptati
453 1450 564 1527 autem
588 1433 716 1504 aurium
743 1430 939 1529 morigerari
961 1432 1060 1505 debet
1074 1456 1110 1504 0-

91 1561 135 1611 160
151 1542 247 1615 ratio.
272 1543 367 1637 Quin
383 1566 449 1640 ego
470 1542 559 1637 ipse,
585 1568 662 1615 cum
683 1542 802 1615 scirem
828 1542 872 1613 ita
894 1542 1042 1617 maiores
1065 1544 1109 1615 lo·

100 1708 104 1713 -
136 1675 247 1731 curos
270 1659 358 1749 esse,
391 1676 429 1730 ut
450 1679 631 1755 nusquam,
658 1654 717 1729 nifi
746 1655 781 1726 in
808 1653 940 1741 vocali,
968 1655 1105 1753 adspira·

150 1768 242 1844 tione
260 1787 451 1854 uterentur,
476 1767 636 1873 loquebar
658 1766 723 1857 fic,
745 1788 783 1839 ut
797 1770 949 1860 pulcros,
975 1772 1109 1865 Cragus,

150 1884 323 1973 aiumpm,
361 1884 556 1976 Cartaginem
588 1823 751 1951 dicererir·
748 1876 981 1975 aliquando,
1013 1879 1108 1978 idque

150 1987 244 2081 ser0,
270 1989 430 2062 convicio
460 1989 587 2060 aurium
619 2013 695 2060 cum
723 2003 853 2075 extorta
880 1986 965 2059 mihi
991 1986 1137 2065 veritas.

149 2101 249 2193 esset,
275 2102 367 2177 usum
409 2101 568 2199 loquendi
596 2099 725 2196 populo
747 2096 911 2192 coneeffi,
944 2100 1108 2175 scientiam

149 2213 232 2284 mihi
254 2212 429 2286 reservavi.
480 2215 625 2282 Orcivios
646 2235 776 2301 tamen,
796 2215 1012 2301 etMatoncs,
1033 2217 1107 2284 Oto·

149 2351 204 2394 nes
213 2378 225 2411 ,
241 2328 422 2417 Caepiones,
427 2324 592 2416 sepulcra,
613 2351 762 2412 coronas,
779 2328 936 2418 lacmmas
955 2321 1106 2414 dicimus,

149 2432 226 2529 quia
256 2459 316 2530 per
341 2433 469 2506 aurium
496 2433 655 2505 iudicium
680 2432 806 2529 semper
832 2435 919 2508 licet
969 2436 1107 2506 Parrum
1143 2452 1145 2459 '

147 2544 275 2640 semper
296 2546 441 2633 Emrius,
466 2569 635 2642 nunquam
653 2548 818 2638 Pyrrhum.
836 2551 886 2614 Vr
896 2545 1106 2637 patefecerunt

146 2655 284 2746 Bruges,
308 2676 377 2722 non
395 2654 556 2747 Puppe„
581 2651 678 2749 ipsrus
690 2652 816 2748 antiqui
838 2652 1004 2723 declarant
1017 2651 1105 2724 libri.

145 2786 209 2833 nec
230 2761 319 2833 enim
337 2788 487 2859 graecam
505 2765 630 2838 literam
648 2763 971 2865 adhibebantz.nunc
994 2781 1104 2836 autem

145 2872 243 2944 etiam
266 2875 365 2959 duas3
391 2897 424 2947 et
446 2901 522 2949 cum
553 2881 733 2973 Phrygum,
758 2896 791 2950 et
818 2904 894 2950 cum
923 2880 1102 2974 Phrygibus

144 2984 433 3076 dicendum'esset,
460 2988 634 3060 absurdum
654 3008 722 3061 erat
744 3011 799 3061 aut
812 3008 943 3061 tantum
956 2987 1102 3060 barbaris

144 3098 267 3171 casabus
293 3125 442 3196 graecam
464 3101 596 3195 ¹literam
621 3103 797 3191 adhibere,
826 3120 882 3172 aut
904 3102 997 3173 redo
1021 3098 1098 3171 casu

143 3208 248 3279 solum
268 3236 383 3307 graece
404 3210 516 3308 loqui,
542 3228 652 3282 tamen
671 3231 705 3284 et
721 3216 861 3307 Phryges
883 3234 918 3282 et
941 3213 1102 3304 Pyrrhum

82 3316 125 3389 isi
143 3317 270 3387 aurium
292 3322 384 3392 causa
407 3321 555 3394 dicimus.
585 3323 677 3413 Quin
700 3323 815 3410 etiam,
839 3321 933 3418 quod
947 3319 1101 3415 iamsub·

141 3423 297 3497 rusticum
312 3427 459 3517 videtur,
487 3429 568 3501 olim
583 3447 689 3501 autem
711 3430 868 3525 politius,
896 3454 1017 3502 eorum
1031 3453 1101 3503 ver·

141 3535 284 3625 borum,
307 3542 452 3631 quorum
471 3539 713 3610 eaedem-‘erant
731 3539 916 3634 postremae
930 3541 1017 3612 duae
1038 3540 1100 3612 fite·

140 3670 216 3735 rae,
239 3672 323 3745 quae
339 3646 412 3717 sum
428 3647 463 3717 in
485 3657 630 3740 optumus
644 3704 655 3738 ,
680 3648 881 3745 postremam
900 3649 1034 3722 sueram
1048 3653 1100 3722 de·

140 3755 327 3846 trahebant,
350 3753 410 3826 nisr
429 3757 554 3830 vocalis
576 3755 816 3856 insequebatur.
863 3761 913 3835 Ita
935 3783 1010 3831 non
1031 3777 1100 3833 erat
