2302 4304
95 303 230 396 πω,
366 305 873 406 nequirent
948 316 963 360 ν

44 473 46 477 '
114 463 286 559 selliffent,
317 469 420 556 hosa
443 486 476 542 re
501 466 678 565 discipulos
702 468 923 541 abducerem}
965 448 1079 559 nune,

102 578 237 652 Catulo
262 577 414 655 audiente
439 593 474 649 et
499 578 667 669 Caesare,
706 574 827 651 videor
853 573 973 650 debere
1006 602 1086 673 non

117 708 186 763 ram
211 710 356 789 pugnare
382 704 519 797 tecum,
557 679 688 790 eptam,
725 686 809 795 quid
832 687 900 792 lpse
918 687 1079 776 sentiam,

118 803 242 878 dicere.
418 824 420 831 ’
566 881 576 899 ‚
607 849 609 854 -

67 948 96 999 μ
165 910 320 1010 Sequitur
342 909 465 1006 igitur,
499 906 661 1008 quoniam
672 904 771 980 nobis
790 903 836 984 est
851 905 931 997 hic,
945 905 988 978 de
1007 929 1080 1004 quo

16 1093 20 1099 ,
112 1005 305 1118 loquimur,
340 1017 377 1087 in
395 1016 474 1090 foro
495 1037 593 1117 atque
621 1017 656 1088 in
683 1016 788 1105 oeulis
810 1016 934 1091 civium
954 1016 1083 1089 consti*

113 1134 282 1223 tuenduS,
325 1148 363 1205 ut
385 1130 587 1220 videamus,
623 1129 705 1228 quid
725 1129 757 1202 ei
780 1126 903 1226 negotii
928 1127 1045 1200 dernus
1069 1179 1083 1216 ,

20 1328 25 1351 Ι
81 1244 83 1248 ’
114 1245 235 1342 cuique
286 1268 362 1325 eum
400 1243 530 1315 muneri
565 1241 706 1316 velimus
749 1239 814 1330 elle
848 1239 1083 1338 praepofitum

77 1376 79 1381 ⁴
115 1357 204 1426 Nam
237 1352 370 1433 ,crassus
402 1353 507 1442 heri,
560 1377 637 1431 cum
661 1377 750 1445 vos,
775 1350 892 1423 Catule
931 1367 967 1422 et
993 1350 1087 1423 Cae«

29 1521 34 1532 .
115 1460 197 1549 sar,
240 1479 321 1531 :non
348 1458 521 1546 adefferiS,
558 1456 668 1555 posuit
697 1458 844 1533 breviter
873 1457 908 1528 in
934 1457 1013 1539 artis
1040 1456 1086 1528 di,

117 1569 433 1667 stributioneidem,
462 1569 555 1670 quod
567 1567 687 1641 Graeci
713 1567 860 1665 plerique
885 1565 1089 1663 posuenrntr·

119 1696 228 1771 neque
241 1673 316 1748 sane
335 1675 416 1774 quid
435 1673 502 1771 ipse
515 1671 668 1760 sentiret,
686 1670 741 1743 sed
759 1671 840 1768 quid
853 1669 903 1743 ab·
916 1669 978 1743 illis
991 1671 1086 1743 dice«

121 1803 230 1873 retur,
257 1781 504 1867 ostendirrduo
513 1782 619 1880 prima
632 1807 751 1880 genera
763 1779 991 1880 quaestionum
1003 1782 1088 1876 effe,

122 1886 157 1962 in
170 1893 291 1989 quibus
313 1893 502 1993 eloquentia
520 1892 730 1981 versaretur,
768 1916 872 1963 unum
899 1880 1104 1982 inlinitum,x

73 2025 106 2078 42
124 1995 408 2078 alterumcernun.
457 1997 713 2071 infinitummild
726 1997 899 2077 videbatur
915 1996 951 2070 id
964 1995 1088 2093 dicere,

48 2189 50 2194 .
124 2110 161 2183 in
181 2133 251 2208 quo
270 2111 394 2211 aliquid
416 2114 595 2210 generatim
620 2130 850 2212 quaereretur,
883 2110 950 2183 hoe
963 2111 1087 2185 modor

124 2224 357 2320 Expetendane
381 2222 683 2321 effeteloquential·
717 2222 933 2319 expetendine
971 2222 1088 2296 hono-.

123 2334 204 2408 resi
230 2357 358 2414 eertum
376 2356 503 2426 autem,
527 2337 562 2408 ln
582 2361 650 2435 quo
664 2336 745 2434 quid
759 2336 794 2409 in
808 2333 956 2433 personis
965 2348 984 2428 ,¹
1004 2358 1038 2412 et
1051 2337 1088 2410 in

100 2441 113 2533 g
145 2441 301 2518 onstituta
321 2469 384 2534 re,
422 2462 456 2518 et
475 2440 608 2518 definita
632 2461 868 2541 quaereretur:
902 2444 1089 2519 cuiusmodi

123 2468 217 2640 ium,
241 2555 324 2653 quae
341 2557 376 2628 in
390 2555 494 2645 forn,
522 2574 620 2653 arque
631 2557 667 2628 in
679 2553 804 2628 civium
819 2554 918 2629 caufis
931 2554 1088 2653 disceptaa

74 2683 105 2743 ‘rr
124 2663 335 2760 tionibusque
348 2662 532 2736 versantur.
577 2669 624 2738 Ea
638 2665 719 2736 milri
737 2664 893 2741 videntur
905 2685 961 2739 aut
980 2664 1015 2739 in
1032 2667 1089 2741 lite

65 2810 67 2815 ·
125 2772 333 2862 ordinanda,
359 2773 467 2847 autin
491 2772 629 2845 consilio
647 2773 757 2846 dando
778 2773 842 2847 elle
859 2774 974 2872 polita.
1010 2801 1087 2849 nam

121 2878 204 2972 'illud
226 2879 385 2967 tertium,
409 2880 502 2976 quod
520 2897 554 2950 et
574 2905 593 2950 a
610 2879 728 2952 Crallo
749 2883 871 2957 talium
888 2880 960 2973 est,
982 2900 1037 2971 et,
1052 2892 1089 2956 ur

125 2989 246 3080 audin,
268 2989 324 3062 ille
338 2982 408 3086 'ipse
425 2988 639 3077 Aristoteles,
678 2991 737 3088 qui
755 2991 836 3067 haec
859 2990 1003 3064 maxime
1016 2992 1089 3065 illu..

69 3138 72 3143 ,
127 3090 262 3186 stravit,
289 3094 463 3188 adiunxit,
490 3094 618 3170 etiarnsi
643 3120 727 3194 opus
754 3094 826 3189 est,
848 3114 959 3169 tamen
981 3095 1091 3177 minus

129 3203 177 3274 est
190 3209 434 3304 necessarium,
450 3208 648 3302 Quidnam?
672 3208 946 3307 inquirendus,
968 3208 1091 3288 unlaua

44 3339 104 3407 pqr
129 3311 305 3420 datinnesi
322 3318 356 3395 id
373 3318 461 3394 enim
475 3318 576 3417 v-ideu
596 3318 678 3415 poni
704 3343 804 3416 genus
823 3316 968 3394 tertium.
1018 3319 1093 3411 Ita,

78 3462 111 3506 ,4
129 3423 237 3520 inquit
248 3426 435 3515 Antonius,
454 3445 487 3498 et
500 3428 535 3498 in
549 3451 592 3501 eo
604 3427 738 3526 quidem
761 3451 881 3525 genere
895 3425 963 3498 scio
976 3441 1011 3497 et
1024 3445 1096 3519 me,

15 3579 16 3583 =
131 3533 320 3620 et'omnes,
346 3527 403 3632 qui
425 3535 611 3626 affuerunt,
639 3538 811 3617 deleuaros,
827 3537 892 3616 effe
906 3537 1092 3615 vehentem

130 3664 205 3732 rer,
247 3667 333 3716 eum·
347 3643 404 3714 abs
418 3664 463 3716 re
488 3643 533 3714 est
547 3643 697 3738 Popilia,
729 3668 832 3732 mater
862 3644 989 3736 vestra,
1022 3646 1098 3720 lane

130 3752 228 3839 datr:
258 3752 311 3842 cui
333 3754 479 3866 primun
496 3755 625 3844 uideri
646 3756 734 3844 hune
748 3758 912 3859 honorem
933 3756 1096 3847 munstre

63 3982 100 4024 h
215 3966 218 3977 .
