<?xml version="1.0" encoding="UTF-8"?>
<!DOCTYPE html PUBLIC "-//W3C//DTD XHTML 1.0 Transitional//EN"
    "http://www.w3.org/TR/xhtml1/DTD/xhtml1-transitional.dtd">
<html xmlns="http://www.w3.org/1999/xhtml" xml:lang="en" lang="en">
 <head>
  <title>
</title>
<meta http-equiv="Content-Type" content="text/html;charset=utf-8" />
  <meta name='ocr-system' content='tesseract 3.04.00' />
  <meta name='ocr-capabilities' content='ocr_page ocr_carea ocr_par ocr_line ocrx_word'/>
</head>
<body>
  <div class='ocr_page' id='page_1' title='image "./mtulliiciceroni00plutgoog_0104.png"; bbox 0 0 2302 4304; ppageno 0'>
   <div class='ocr_carea' id='block_1_1' title="bbox 352 299 995 407">
    <p class='ocr_par' dir='ltr' id='par_1_1' title="bbox 352 299 995 407">
     <span class='ocr_line' id='line_1_1' title="bbox 352 299 995 407; baseline -0.008 -33"><span class='ocrx_word' id='word_1_1' title='bbox 352 299 689 394; x_wconf 72' lang='lat' dir='ltr'>itanum.</span> <span class='ocrx_word' id='word_1_2' title='bbox 953 325 995 407; x_wconf 79' lang='lat'>95</span> 
     </span>
    </p>
   </div>
   <div class='ocr_carea' id='block_1_2' title="bbox 33 456 1117 3752">
    <p class='ocr_par' dir='ltr' id='par_1_2' title="bbox 33 456 1054 893">
     <span class='ocr_line' id='line_1_2' title="bbox 33 456 1040 565; baseline 0.002 -30"><span class='ocrx_word' id='word_1_3' title='bbox 33 456 110 534; x_wconf 88' lang='lat' dir='ltr'>heri</span> <span class='ocrx_word' id='word_1_4' title='bbox 133 462 238 536; x_wconf 69' lang='lat' dir='ltr'>coelii</span> <span class='ocrx_word' id='word_1_5' title='bbox 262 461 383 563; x_wconf 71' lang='lat' dir='ltr'>smmis.</span> <span class='ocrx_word' id='word_1_6' title='bbox 414 465 504 537; x_wconf 93' lang='lat' dir='ltr'>Tum</span> <span class='ocrx_word' id='word_1_7' title='bbox 527 466 682 556; x_wconf 78' lang='lat' dir='ltr'><strong>Catulus,</strong></span> <span class='ocrx_word' id='word_1_8' title='bbox 708 465 760 538; x_wconf 91' lang='lat' dir='ltr'>Ne</span> <span class='ocrx_word' id='word_1_9' title='bbox 780 463 900 540; x_wconf 84' lang='lat' dir='ltr'>Graeci</span> <span class='ocrx_word' id='word_1_10' title='bbox 921 468 998 565; x_wconf 91' lang='lat' dir='ltr'>qui·</span> <span class='ocrx_word' id='word_1_11' title='bbox 1024 486 1040 564; x_wconf 77' lang='grc' dir='ltr'><strong>ς</strong></span> 
     </span>
     <span class='ocr_line' id='line_1_3' title="bbox 34 573 1054 677; baseline 0.006 -33"><span class='ocrx_word' id='word_1_12' title='bbox 34 575 137 663; x_wconf 89' lang='lat' dir='ltr'>dem,</span> <span class='ocrx_word' id='word_1_13' title='bbox 164 573 457 671; x_wconf 63' lang='lat' dir='ltr'>inquitsCrasle,</span> <span class='ocrx_word' id='word_1_14' title='bbox 484 576 547 677; x_wconf 92' lang='lat' dir='ltr'>qui</span> <span class='ocrx_word' id='word_1_15' title='bbox 568 576 603 648; x_wconf 91' lang='lat' dir='ltr'>in</span> <span class='ocrx_word' id='word_1_16' title='bbox 625 574 812 650; x_wconf 86' lang='lat' dir='ltr'>civitatibus</span> <span class='ocrx_word' id='word_1_17' title='bbox 834 575 897 648; x_wconf 80' lang='lat' dir='ltr'>suis</span> <span class='ocrx_word' id='word_1_18' title='bbox 923 575 1001 652; x_wconf 85' lang='lat' dir='ltr'>clari</span> <span class='ocrx_word' id='word_1_19' title='bbox 1023 598 1054 650; x_wconf 83' lang='lat'>¹9</span> 
     </span>
     <span class='ocr_line' id='line_1_4' title="bbox 34 684 1004 783; baseline 0.004 -28"><span class='ocrx_word' id='word_1_20' title='bbox 34 702 72 756; x_wconf 84' lang='lat' dir='ltr'>et</span> <span class='ocrx_word' id='word_1_21' title='bbox 102 684 216 783; x_wconf 88' lang='lat' dir='ltr'>magni</span> <span class='ocrx_word' id='word_1_22' title='bbox 243 685 399 774; x_wconf 82' lang='lat' dir='ltr'>fuerunt,</span> <span class='ocrx_word' id='word_1_23' title='bbox 428 684 521 760; x_wconf 83' lang='lat' dir='ltr'>sicuti</span> <span class='ocrx_word' id='word_1_24' title='bbox 541 704 580 759; x_wconf 85' lang='lat' dir='ltr'>tu</span> <span class='ocrx_word' id='word_1_25' title='bbox 600 711 661 777; x_wconf 88' lang='lat' dir='ltr'>es,</span> <span class='ocrx_word' id='word_1_26' title='bbox 684 684 809 783; x_wconf 88' lang='lat' dir='ltr'>nosque</span> <span class='ocrx_word' id='word_1_27' title='bbox 831 709 946 759; x_wconf 92' lang='lat' dir='ltr'>omnes</span> <span class='ocrx_word' id='word_1_28' title='bbox 967 687 1004 758; x_wconf 87' lang='lat' dir='ltr'>in</span> 
     </span>
     <span class='ocr_line' id='line_1_5' title="bbox 36 793 1006 893; baseline 0.003 -27"><span class='ocrx_word' id='word_1_29' title='bbox 36 793 154 866; x_wconf 79' lang='lat' dir='ltr'>nostra</span> <span class='ocrx_word' id='word_1_30' title='bbox 176 795 342 893; x_wconf 72' lang='lat' dir='ltr'>republica</span> <span class='ocrx_word' id='word_1_31' title='bbox 360 796 516 870; x_wconf 86' lang='lat' dir='ltr'>volumus</span> <span class='ocrx_word' id='word_1_32' title='bbox 540 797 620 888; x_wconf 84' lang='lat' dir='ltr'>else,</span> <span class='ocrx_word' id='word_1_33' title='bbox 639 796 761 868; x_wconf 90' lang='lat' dir='ltr'>horum</span> <span class='ocrx_word' id='word_1_34' title='bbox 783 799 1006 887; x_wconf 85' lang='lat' dir='ltr'>Graecorum,</span> 
     </span>
    </p>

    <p class='ocr_par' dir='ltr' id='par_1_3' title="bbox 37 904 1005 1003">
     <span class='ocr_line' id='line_1_6' title="bbox 37 904 1005 1003; baseline 0 -26"><span class='ocrx_word' id='word_1_35' title='bbox 37 904 102 1003; x_wconf 92' lang='lat' dir='ltr'>qui</span> <span class='ocrx_word' id='word_1_36' title='bbox 129 905 162 977; x_wconf 90' lang='lat' dir='ltr'>se</span> <span class='ocrx_word' id='word_1_37' title='bbox 189 905 352 978; x_wconf 83' lang='lat' dir='ltr'>inculcant</span> <span class='ocrx_word' id='word_1_38' title='bbox 381 908 513 981; x_wconf 84' lang='lat' dir='ltr'>auribus</span> <span class='ocrx_word' id='word_1_39' title='bbox 539 907 682 998; x_wconf 87' lang='lat' dir='ltr'>nostris,</span> <span class='ocrx_word' id='word_1_40' title='bbox 708 904 825 981; x_wconf 81' lang='lat' dir='ltr'>ssmiles</span> <span class='ocrx_word' id='word_1_41' title='bbox 847 905 1005 980; x_wconf 89' lang='lat' dir='ltr'>fuerunt:</span> 
     </span>
    </p>

    <p class='ocr_par' dir='ltr' id='par_1_4' title="bbox 40 1005 1059 1432">
     <span class='ocr_line' id='line_1_7' title="bbox 40 1005 1007 1109; baseline 0.002 -28"><span class='ocrx_word' id='word_1_42' title='bbox 40 1034 106 1082; x_wconf 85' lang='lat' dir='ltr'>nec</span> <span class='ocrx_word' id='word_1_43' title='bbox 131 1027 243 1085; x_wconf 87' lang='lat' dir='ltr'>tamen</span> <span class='ocrx_word' id='word_1_44' title='bbox 269 1010 305 1081; x_wconf 94' lang='lat' dir='ltr'>in</span> <span class='ocrx_word' id='word_1_45' title='bbox 331 1011 405 1084; x_wconf 91' lang='lat' dir='ltr'>otio</span> <span class='ocrx_word' id='word_1_46' title='bbox 432 1013 601 1086; x_wconf 87' lang='lat' dir='ltr'>sermones</span> <span class='ocrx_word' id='word_1_47' title='bbox 624 1005 838 1104; x_wconf 92' lang='lat' dir='ltr'>huiusmodi,</span> <span class='ocrx_word' id='word_1_48' title='bbox 865 1011 1007 1109; x_wconf 85' lang='lat' dir='ltr'>disputa·</span> 
     </span>
     <span class='ocr_line' id='line_1_8' title="bbox 40 1115 1059 1217; baseline 0.002 -31"><span class='ocrx_word' id='word_1_49' title='bbox 40 1115 217 1215; x_wconf 84' lang='lat' dir='ltr'>tionesque</span> <span class='ocrx_word' id='word_1_50' title='bbox 239 1115 418 1215; x_wconf 79' lang='lat' dir='ltr'>fitgiebant.</span> <span class='ocrx_word' id='word_1_51' title='bbox 452 1123 502 1192; x_wconf 85' lang='lat' dir='ltr'>lle</span> <span class='ocrx_word' id='word_1_52' title='bbox 522 1117 548 1189; x_wconf 84' lang='lat' dir='ltr'>st</span> <span class='ocrx_word' id='word_1_53' title='bbox 568 1117 628 1192; x_wconf 83' lang='lat' dir='ltr'>ribi</span> <span class='ocrx_word' id='word_1_54' title='bbox 650 1118 831 1209; x_wconf 88' lang='lat' dir='ltr'>videntur,</span> <span class='ocrx_word' id='word_1_55' title='bbox 846 1119 905 1217; x_wconf 93' lang='lat' dir='ltr'>qui</span> <span class='ocrx_word' id='word_1_56' title='bbox 922 1136 1008 1191; x_wconf 88' lang='lat' dir='ltr'>tem·-</span> <span class='ocrx_word' id='word_1_57' title='bbox 1027 1151 1059 1188; x_wconf 70' lang='grc' dir='ltr'>ω</span> 
     </span>
     <span class='ocr_line' id='line_1_9' title="bbox 45 1224 1009 1324; baseline 0.005 -29"><span class='ocrx_word' id='word_1_58' title='bbox 45 1225 159 1321; x_wconf 89' lang='lat' dir='ltr'>poris,</span> <span class='ocrx_word' id='word_1_59' title='bbox 189 1224 248 1321; x_wconf 86' lang='lat' dir='ltr'>qui</span> <span class='ocrx_word' id='word_1_60' title='bbox 272 1225 357 1315; x_wconf 87' lang='lat' dir='ltr'>loci,</span> <span class='ocrx_word' id='word_1_61' title='bbox 382 1226 441 1324; x_wconf 90' lang='lat' dir='ltr'>qui</span> <span class='ocrx_word' id='word_1_62' title='bbox 463 1226 639 1300; x_wconf 90' lang='lat' dir='ltr'>hominum</span> <span class='ocrx_word' id='word_1_63' title='bbox 662 1225 825 1300; x_wconf 85' lang='lat' dir='ltr'>rationem</span> <span class='ocrx_word' id='word_1_64' title='bbox 850 1252 921 1299; x_wconf 93' lang='lat' dir='ltr'>non</span> <span class='ocrx_word' id='word_1_65' title='bbox 950 1228 1009 1300; x_wconf 87' lang='lat' dir='ltr'>ha·</span> 
     </span>
     <span class='ocr_line' id='line_1_10' title="bbox 47 1334 1008 1432; baseline 0.004 -24"><span class='ocrx_word' id='word_1_66' title='bbox 47 1337 128 1408; x_wconf 89' lang='lat' dir='ltr'>bent</span> <span class='ocrx_word' id='word_1_67' title='bbox 140 1388 152 1422; x_wconf 90' lang='lat'>‚</span> <span class='ocrx_word' id='word_1_68' title='bbox 177 1335 306 1432; x_wconf 87' lang='lat' dir='ltr'><strong>inepti,</strong></span> <span class='ocrx_word' id='word_1_69' title='bbox 323 1334 414 1409; x_wconf 82' lang='lat' dir='ltr'>-srcut</span> <span class='ocrx_word' id='word_1_70' title='bbox 433 1338 568 1412; x_wconf 88' lang='lat' dir='ltr'>·.debent</span> <span class='ocrx_word' id='word_1_71' title='bbox 601 1337 739 1425; x_wconf 82' lang='lat' dir='ltr'>videri3</span> <span class='ocrx_word' id='word_1_72' title='bbox 772 1364 853 1411; x_wconf 90' lang='lat' dir='ltr'>num</span> <span class='ocrx_word' id='word_1_73' title='bbox 875 1338 1008 1412; x_wconf 86' lang='lat' dir='ltr'>tandem</span> 
     </span>
    </p>

    <p class='ocr_par' dir='ltr' id='par_1_5' title="bbox 51 1446 1010 1548">
     <span class='ocr_line' id='line_1_11' title="bbox 51 1446 1010 1548; baseline 0.003 -28"><span class='ocrx_word' id='word_1_74' title='bbox 51 1465 105 1520; x_wconf 91' lang='lat' dir='ltr'>aut</span> <span class='ocrx_word' id='word_1_75' title='bbox 127 1447 223 1520; x_wconf 89' lang='lat' dir='ltr'>locus</span> <span class='ocrx_word' id='word_1_76' title='bbox 250 1446 395 1520; x_wconf 89' lang='lat' dir='ltr'>hicnon</span> <span class='ocrx_word' id='word_1_77' title='bbox 416 1447 554 1522; x_wconf 87' lang='lat' dir='ltr'>idoneus</span> <span class='ocrx_word' id='word_1_78' title='bbox 580 1449 730 1536; x_wconf 75' lang='lat' dir='ltr'>videtin,</span> <span class='ocrx_word' id='word_1_79' title='bbox 754 1450 791 1522; x_wconf 90' lang='lat' dir='ltr'>in</span> <span class='ocrx_word' id='word_1_80' title='bbox 813 1474 883 1548; x_wconf 90' lang='lat' dir='ltr'>quo</span> <span class='ocrx_word' id='word_1_81' title='bbox 903 1453 1010 1548; x_wconf 86' lang='lat' dir='ltr'>porti·</span> 
     </span>
    </p>

    <p class='ocr_par' dir='ltr' id='par_1_6' title="bbox 53 1560 1117 3752">
     <span class='ocr_line' id='line_1_12' title="bbox 53 1560 1117 1660; baseline -0.001 -24"><span class='ocrx_word' id='word_1_82' title='bbox 53 1587 106 1636; x_wconf 88' lang='lat' dir='ltr'>cus</span> <span class='ocrx_word' id='word_1_83' title='bbox 125 1562 210 1635; x_wconf 84' lang='lat' dir='ltr'>haec</span> <span class='ocrx_word' id='word_1_84' title='bbox 230 1561 299 1659; x_wconf 89' lang='lat' dir='ltr'>ipsa</span> <span class='ocrx_word' id='word_1_85' title='bbox 306 1615 322 1652; x_wconf 31' lang='grc' dir='ltr'>,Ι</span> <span class='ocrx_word' id='word_1_86' title='bbox 341 1560 399 1634; x_wconf 91' lang='lat' dir='ltr'>ubi</span> <span class='ocrx_word' id='word_1_87' title='bbox 418 1563 638 1654; x_wconf 78' lang='lat' dir='ltr'>ambulmus,</span> <span class='ocrx_word' id='word_1_88' title='bbox 657 1580 691 1637; x_wconf 91' lang='lat' dir='ltr'>et</span> <span class='ocrx_word' id='word_1_89' title='bbox 708 1561 886 1660; x_wconf 86' lang='lat' dir='ltr'>palaestra,</span> <span class='ocrx_word' id='word_1_90' title='bbox 905 1582 939 1635; x_wconf 88' lang='lat' dir='ltr'>er</span> <span class='ocrx_word' id='word_1_91' title='bbox 958 1580 1011 1635; x_wconf 88' lang='lat' dir='ltr'>tot</span> <span class='ocrx_word' id='word_1_92' title='bbox 1115 1614 1117 1619; x_wconf 90' lang='lat'>-</span> 
     </span>
     <span class='ocr_line' id='line_1_13' title="bbox 54 1669 1010 1770; baseline 0.001 -27"><span class='ocrx_word' id='word_1_93' title='bbox 54 1671 132 1745; x_wconf 81' lang='lat' dir='ltr'>locis</span> <span class='ocrx_word' id='word_1_94' title='bbox 152 1669 326 1762; x_wconf 85' lang='lat' dir='ltr'>seffiones,</span> <span class='ocrx_word' id='word_1_95' title='bbox 347 1671 593 1770; x_wconf 82' lang='lat' dir='ltr'>gymnafiorum</span> <span class='ocrx_word' id='word_1_96' title='bbox 616 1690 649 1745; x_wconf 86' lang='lat' dir='ltr'>er</span> <span class='ocrx_word' id='word_1_97' title='bbox 673 1675 875 1747; x_wconf 88' lang='lat' dir='ltr'>Graecarum</span> <span class='ocrx_word' id='word_1_98' title='bbox 898 1673 1010 1769; x_wconf 71' lang='lat' dir='ltr'>dispu-</span> 
     </span>
     <span class='ocr_line' id='line_1_14' title="bbox 55 1781 1012 1883; baseline 0 -25"><span class='ocrx_word' id='word_1_99' title='bbox 55 1785 218 1858; x_wconf 84' lang='lat' dir='ltr'>tationum</span> <span class='ocrx_word' id='word_1_100' title='bbox 233 1781 431 1857; x_wconf 77' lang='lat' dir='ltr'>memoriam</span> <span class='ocrx_word' id='word_1_101' title='bbox 439 1785 693 1883; x_wconf 87' lang='lat' dir='ltr'>quodammodo</span> <span class='ocrx_word' id='word_1_102' title='bbox 703 1785 939 1861; x_wconf 80' lang='lat' dir='ltr'>commoventi</span> <span class='ocrx_word' id='word_1_103' title='bbox 955 1806 1012 1858; x_wconf 85' lang='lat' dir='ltr'>aur</span> 
     </span>
     <span class='ocr_line' id='line_1_15' title="bbox 58 1883 1011 1996; baseline -0.006 -26"><span class='ocrx_word' id='word_1_104' title='bbox 58 1897 320 1996; x_wconf 88' lang='lat' dir='ltr'>inopportunum</span> <span class='ocrx_word' id='word_1_105' title='bbox 331 1911 460 1992; x_wconf 87' lang='lat' dir='ltr'>tempus</span> <span class='ocrx_word' id='word_1_106' title='bbox 474 1895 509 1966; x_wconf 91' lang='lat' dir='ltr'>in</span> <span class='ocrx_word' id='word_1_107' title='bbox 518 1911 609 1967; x_wconf 83' lang='lat' dir='ltr'>tanto</span> <span class='ocrx_word' id='word_1_108' title='bbox 619 1893 709 1986; x_wconf 89' lang='lat' dir='ltr'>otio,</span> <span class='ocrx_word' id='word_1_109' title='bbox 717 1883 810 1995; x_wconf 83' lang='lat' dir='ltr'>quod</span> <span class='ocrx_word' id='word_1_110' title='bbox 823 1917 856 1969; x_wconf 90' lang='lat' dir='ltr'>et</span> <span class='ocrx_word' id='word_1_111' title='bbox 867 1918 943 1967; x_wconf 88' lang='lat' dir='ltr'>raro</span> <span class='ocrx_word' id='word_1_112' title='bbox 952 1892 1011 1965; x_wconf 85' lang='lat' dir='ltr'>da—</span> 
     </span>
     <span class='ocr_line' id='line_1_16' title="bbox 58 2000 1013 2104; baseline -0.008 -19"><span class='ocrx_word' id='word_1_113' title='bbox 58 2029 116 2101; x_wconf 87' lang='lat' dir='ltr'>tur,</span> <span class='ocrx_word' id='word_1_114' title='bbox 133 2027 171 2082; x_wconf 88' lang='lat' dir='ltr'>et</span> <span class='ocrx_word' id='word_1_115' title='bbox 189 2029 278 2080; x_wconf 91' lang='lat' dir='ltr'>nunc</span> <span class='ocrx_word' id='word_1_116' title='bbox 290 2024 465 2104; x_wconf 87' lang='lat' dir='ltr'>peroptato</span> <span class='ocrx_word' id='word_1_117' title='bbox 475 2000 571 2080; x_wconf 81' lang='lat' dir='ltr'>nobis</span> <span class='ocrx_word' id='word_1_118' title='bbox 580 2007 690 2079; x_wconf 88' lang='lat' dir='ltr'>datum</span> <span class='ocrx_word' id='word_1_119' title='bbox 710 2006 775 2080; x_wconf 86' lang='lat' dir='ltr'>estl</span> <span class='ocrx_word' id='word_1_120' title='bbox 792 2025 847 2080; x_wconf 89' lang='lat' dir='ltr'>aut</span> <span class='ocrx_word' id='word_1_121' title='bbox 860 2005 1013 2078; x_wconf 88' lang='lat' dir='ltr'>homines</span> 
     </span>
     <span class='ocr_line' id='line_1_17' title="bbox 61 2109 1013 2215; baseline -0.014 -23"><span class='ocrx_word' id='word_1_122' title='bbox 61 2119 181 2192; x_wconf 86' lang='lat' dir='ltr'>abhoc</span> <span class='ocrx_word' id='word_1_123' title='bbox 198 2135 317 2215; x_wconf 85' lang='lat' dir='ltr'>genere</span> <span class='ocrx_word' id='word_1_124' title='bbox 330 2113 556 2210; x_wconf 83' lang='lat' dir='ltr'>disputatior&#39;ris</span> <span class='ocrx_word' id='word_1_125' title='bbox 567 2110 663 2183; x_wconf 84' lang='lat' dir='ltr'>alieni</span> <span class='ocrx_word' id='word_1_126' title='bbox 675 2166 686 2200; x_wconf 92' lang='lat'>‚</span> <span class='ocrx_word' id='word_1_127' title='bbox 699 2111 758 2208; x_wconf 88' lang='lat' dir='ltr'>qui</span> <span class='ocrx_word' id='word_1_128' title='bbox 770 2134 886 2182; x_wconf 90' lang='lat' dir='ltr'>omnes</span> <span class='ocrx_word' id='word_1_129' title='bbox 904 2111 938 2180; x_wconf 85' lang='lat' dir='ltr'>lii</span> <span class='ocrx_word' id='word_1_130' title='bbox 957 2109 1013 2180; x_wconf 89' lang='lat' dir='ltr'>su·</span> 
     </span>
     <span class='ocr_line' id='line_1_18' title="bbox 61 2213 1012 2318; baseline -0.017 -16"><span class='ocrx_word' id='word_1_131' title='bbox 61 2255 148 2318; x_wconf 86' lang='lat' dir='ltr'>mus,</span> <span class='ocrx_word' id='word_1_132' title='bbox 171 2245 210 2299; x_wconf 92' lang='lat' dir='ltr'>ut</span> <span class='ocrx_word' id='word_1_133' title='bbox 226 2224 291 2296; x_wconf 83' lang='lat' dir='ltr'>stne</span> <span class='ocrx_word' id='word_1_134' title='bbox 304 2223 354 2295; x_wconf 91' lang='lat' dir='ltr'>his</span> <span class='ocrx_word' id='word_1_135' title='bbox 368 2221 478 2294; x_wconf 86' lang='lat' dir='ltr'>studiis</span> <span class='ocrx_word' id='word_1_136' title='bbox 492 2221 597 2294; x_wconf 87' lang='lat' dir='ltr'>vitam</span> <span class='ocrx_word' id='word_1_137' title='bbox 616 2219 738 2291; x_wconf 90' lang='lat' dir='ltr'>nullam</span> <span class='ocrx_word' id='word_1_138' title='bbox 750 2216 815 2289; x_wconf 84' lang='lat' dir='ltr'>esse</span> <span class='ocrx_word' id='word_1_139' title='bbox 829 2217 984 2288; x_wconf 85' lang='lat' dir='ltr'>ducamus</span> <span class='ocrx_word' id='word_1_140' title='bbox 997 2213 1012 2287; x_wconf 77' lang='lat' dir='ltr'>l</span> 
     </span>
     <span class='ocr_line' id='line_1_19' title="bbox 63 2325 1064 2428; baseline -0.015 -19"><span class='ocrx_word' id='word_1_141' title='bbox 63 2337 183 2408; x_wconf 89' lang='lat' dir='ltr'>Omnia</span> <span class='ocrx_word' id='word_1_142' title='bbox 216 2332 297 2421; x_wconf 86' lang='lat' dir='ltr'>ista,</span> <span class='ocrx_word' id='word_1_143' title='bbox 324 2331 431 2428; x_wconf 92' lang='lat' dir='ltr'>inquit</span> <span class='ocrx_word' id='word_1_144' title='bbox 464 2330 617 2417; x_wconf 80' lang='lat' dir='ltr'>Crassus,</span> <span class='ocrx_word' id='word_1_145' title='bbox 653 2352 717 2424; x_wconf 85' lang='lat' dir='ltr'>ego</span> <span class='ocrx_word' id='word_1_146' title='bbox 747 2325 812 2397; x_wconf 85' lang='lat' dir='ltr'>alio</span> <span class='ocrx_word' id='word_1_147' title='bbox 841 2326 947 2397; x_wconf 90' lang='lat' dir='ltr'>modo</span> <span class='ocrx_word' id='word_1_148' title='bbox 966 2326 1016 2397; x_wconf 86' lang='lat' dir='ltr'>in·</span> <span class='ocrx_word' id='word_1_149' title='bbox 1036 2356 1064 2394; x_wconf 60' lang='grc' dir='ltr'>ιι</span> 
     </span>
     <span class='ocr_line' id='line_1_20' title="bbox 63 2433 1017 2542; baseline -0.006 -26"><span class='ocrx_word' id='word_1_150' title='bbox 63 2461 246 2542; x_wconf 85' lang='lat' dir='ltr'>terpretor,</span> <span class='ocrx_word' id='word_1_151' title='bbox 281 2441 349 2539; x_wconf 80' lang='lat' dir='ltr'>qui·</span> <span class='ocrx_word' id='word_1_152' title='bbox 371 2440 517 2536; x_wconf 91' lang='lat' dir='ltr'>primum</span> <span class='ocrx_word' id='word_1_153' title='bbox 548 2435 757 2532; x_wconf 85' lang='lat' dir='ltr'>palaestram,</span> <span class='ocrx_word' id='word_1_154' title='bbox 782 2451 814 2505; x_wconf 90' lang='lat' dir='ltr'>et</span> <span class='ocrx_word' id='word_1_155' title='bbox 844 2433 956 2526; x_wconf 85' lang='lat' dir='ltr'>sedes,</span> <span class='ocrx_word' id='word_1_156' title='bbox 982 2454 1017 2510; x_wconf 84' lang='lat' dir='ltr'>et</span> 
     </span>
     <span class='ocr_line' id='line_1_21' title="bbox 65 2547 1084 2651; baseline -0.011 -22"><span class='ocrx_word' id='word_1_157' title='bbox 65 2557 232 2651; x_wconf 84' lang='lat' dir='ltr'>porticus,</span> <span class='ocrx_word' id='word_1_158' title='bbox 263 2553 361 2625; x_wconf 88' lang='lat' dir='ltr'>etiam</span> <span class='ocrx_word' id='word_1_159' title='bbox 385 2550 490 2646; x_wconf 87' lang='lat' dir='ltr'>ipsos,</span> <span class='ocrx_word' id='word_1_160' title='bbox 521 2548 656 2638; x_wconf 81' lang='lat' dir='ltr'>Catule,</span> <span class='ocrx_word' id='word_1_161' title='bbox 688 2549 856 2639; x_wconf 86' lang='lat' dir='ltr'>Graecos,</span> <span class='ocrx_word' id='word_1_162' title='bbox 889 2547 1017 2623; x_wconf 89' lang='lat' dir='ltr'>exerci-</span> <span class='ocrx_word' id='word_1_163' title='bbox 1065 2615 1084 2644; x_wconf 34' lang='lat' dir='ltr'>x</span> 
     </span>
     <span class='ocr_line' id='line_1_22' title="bbox 66 2657 1018 2755; baseline -0.007 -19"><span class='ocrx_word' id='word_1_164' title='bbox 66 2666 194 2738; x_wconf 84' lang='lat' dir='ltr'>tationis</span> <span class='ocrx_word' id='word_1_165' title='bbox 223 2681 258 2736; x_wconf 87' lang='lat' dir='ltr'>et</span> <span class='ocrx_word' id='word_1_166' title='bbox 282 2659 505 2733; x_wconf 65' lang='lat' dir='ltr'>delectationis</span> <span class='ocrx_word' id='word_1_167' title='bbox 536 2657 647 2750; x_wconf 89' lang='lat' dir='ltr'>causa,</span> <span class='ocrx_word' id='word_1_168' title='bbox 676 2682 747 2730; x_wconf 91' lang='lat' dir='ltr'>non</span> <span class='ocrx_word' id='word_1_169' title='bbox 771 2657 1018 2755; x_wconf 86' lang='lat' dir='ltr'>disputationis,</span> 
     </span>
     <span class='ocr_line' id='line_1_23' title="bbox 67 2764 1084 2862; baseline -0.005 -21"><span class='ocrx_word' id='word_1_170' title='bbox 67 2768 225 2844; x_wconf 86' lang='lat' dir='ltr'>invenisse</span> <span class='ocrx_word' id='word_1_171' title='bbox 258 2769 410 2841; x_wconf 81' lang='lat' dir='ltr'>arbitror.</span> <span class='ocrx_word' id='word_1_172' title='bbox 462 2770 548 2838; x_wconf 92' lang='lat' dir='ltr'>Nam</span> <span class='ocrx_word' id='word_1_173' title='bbox 581 2786 615 2840; x_wconf 86' lang='lat' dir='ltr'>et</span> <span class='ocrx_word' id='word_1_174' title='bbox 652 2764 765 2839; x_wconf 86' lang='lat' dir='ltr'>seculis</span> <span class='ocrx_word' id='word_1_175' title='bbox 796 2765 913 2836; x_wconf 85' lang='lat' dir='ltr'>multis¹</span> <span class='ocrx_word' id='word_1_176' title='bbox 940 2788 1018 2837; x_wconf 88' lang='lat' dir='ltr'>ante</span> <span class='ocrx_word' id='word_1_177' title='bbox 1081 2854 1084 2862; x_wconf 32' lang='grc' dir='ltr'>Ι</span> 
     </span>
     <span class='ocr_line' id='line_1_24' title="bbox 67 2872 1019 2979; baseline -0.006 -27"><span class='ocrx_word' id='word_1_178' title='bbox 67 2878 234 2979; x_wconf 78' lang='lat' dir='ltr'>gymnasia</span> <span class='ocrx_word' id='word_1_179' title='bbox 267 2879 403 2951; x_wconf 83' lang='lat' dir='ltr'>inventa</span> <span class='ocrx_word' id='word_1_180' title='bbox 437 2877 526 2968; x_wconf 84' lang='lat' dir='ltr'>sunt,</span> <span class='ocrx_word' id='word_1_181' title='bbox 555 2903 654 2975; x_wconf 92' lang='lat' dir='ltr'>quam</span> <span class='ocrx_word' id='word_1_182' title='bbox 683 2877 718 2948; x_wconf 94' lang='lat' dir='ltr'>in</span> <span class='ocrx_word' id='word_1_183' title='bbox 747 2874 797 2947; x_wconf 83' lang='lat' dir='ltr'>his</span> <span class='ocrx_word' id='word_1_184' title='bbox 830 2872 1019 2971; x_wconf 86' lang='lat' dir='ltr'>philosophi</span> 
     </span>
     <span class='ocr_line' id='line_1_25' title="bbox 66 2988 1020 3089; baseline -0.008 -25"><span class='ocrx_word' id='word_1_185' title='bbox 66 2992 188 3089; x_wconf 81' lang='lat' dir='ltr'>garrire</span> <span class='ocrx_word' id='word_1_186' title='bbox 211 3012 409 3088; x_wconf 86' lang='lat' dir='ltr'>coeperunt,</span> <span class='ocrx_word' id='word_1_187' title='bbox 429 3008 461 3061; x_wconf 91' lang='lat' dir='ltr'>et</span> <span class='ocrx_word' id='word_1_188' title='bbox 482 2990 548 3062; x_wconf 87' lang='lat' dir='ltr'>hoc</span> <span class='ocrx_word' id='word_1_189' title='bbox 570 2988 642 3087; x_wconf 91' lang='lat' dir='ltr'>ipso</span> <span class='ocrx_word' id='word_1_190' title='bbox 664 3007 828 3085; x_wconf 88' lang='lat' dir='ltr'>tempore,</span> <span class='ocrx_word' id='word_1_191' title='bbox 847 2993 924 3059; x_wconf 89' lang='lat' dir='ltr'>cum</span> <span class='ocrx_word' id='word_1_192' title='bbox 946 3011 1020 3057; x_wconf 88' lang='lat' dir='ltr'>om-</span> 
     </span>
     <span class='ocr_line' id='line_1_26' title="bbox 68 3103 1020 3205; baseline -0.006 -28"><span class='ocrx_word' id='word_1_193' title='bbox 68 3107 119 3177; x_wconf 88' lang='lat' dir='ltr'>nia</span> <span class='ocrx_word' id='word_1_194' title='bbox 143 3103 315 3205; x_wconf 82' lang='lat' dir='ltr'>gymnasia</span> <span class='ocrx_word' id='word_1_195' title='bbox 353 3103 540 3202; x_wconf 89' lang='lat' dir='ltr'>philosophi</span> <span class='ocrx_word' id='word_1_196' title='bbox 574 3121 725 3192; x_wconf 86' lang='lat' dir='ltr'>teneant,</span> <span class='ocrx_word' id='word_1_197' title='bbox 755 3119 866 3173; x_wconf 87' lang='lat' dir='ltr'>tamen</span> <span class='ocrx_word' id='word_1_198' title='bbox 901 3122 1020 3171; x_wconf 89' lang='lat' dir='ltr'>eorum</span> 
     </span>
     <span class='ocr_line' id='line_1_27' title="bbox 68 3206 1022 3308; baseline -0.01 -18"><span class='ocrx_word' id='word_1_199' title='bbox 68 3218 235 3290; x_wconf 75' lang='lat' dir='ltr'>auditores</span> <span class='ocrx_word' id='word_1_200' title='bbox 259 3215 382 3287; x_wconf 89' lang='lat' dir='ltr'>discum</span> <span class='ocrx_word' id='word_1_201' title='bbox 412 3213 542 3302; x_wconf 85' lang='lat' dir='ltr'>audire,</span> <span class='ocrx_word' id='word_1_202' title='bbox 568 3233 667 3308; x_wconf 84' lang='lat' dir='ltr'>quarn</span> <span class='ocrx_word' id='word_1_203' title='bbox 691 3206 934 3306; x_wconf 86' lang='lat' dir='ltr'>philosophum,</span> <span class='ocrx_word' id='word_1_204' title='bbox 953 3235 1022 3280; x_wconf 86' lang='lat' dir='ltr'>ma·</span> 
     </span>
     <span class='ocr_line' id='line_1_28' title="bbox 70 3318 1023 3422; baseline -0.006 -24"><span class='ocrx_word' id='word_1_205' title='bbox 70 3327 158 3402; x_wconf 75' lang='lat' dir='ltr'>luntt</span> <span class='ocrx_word' id='word_1_206' title='bbox 189 3324 251 3422; x_wconf 91' lang='lat' dir='ltr'>qui</span> <span class='ocrx_word' id='word_1_207' title='bbox 285 3321 378 3394; x_wconf 86' lang='lat' dir='ltr'>fimul</span> <span class='ocrx_word' id='word_1_208' title='bbox 407 3343 444 3393; x_wconf 92' lang='lat' dir='ltr'>ut</span> <span class='ocrx_word' id='word_1_209' title='bbox 474 3319 652 3416; x_wconf 89' lang='lat' dir='ltr'>increpuit,</span> <span class='ocrx_word' id='word_1_210' title='bbox 678 3318 712 3390; x_wconf 93' lang='lat' dir='ltr'>in</span> <span class='ocrx_word' id='word_1_211' title='bbox 737 3318 855 3411; x_wconf 30' lang='lat' dir='ltr'>media!</span> <span class='ocrx_word' id='word_1_212' title='bbox 870 3319 1023 3392; x_wconf 86' lang='lat' dir='ltr'>oratione</span> 
     </span>
     <span class='ocr_line' id='line_1_29' title="bbox 72 3427 1064 3526; baseline -0.012 -17"><span class='ocrx_word' id='word_1_213' title='bbox 72 3437 111 3509; x_wconf 89' lang='lat' dir='ltr'>de</span> <span class='ocrx_word' id='word_1_214' title='bbox 137 3432 295 3507; x_wconf 86' lang='lat' dir='ltr'>maximis</span> <span class='ocrx_word' id='word_1_215' title='bbox 318 3431 416 3504; x_wconf 90' lang='lat' dir='ltr'>rebus</span> <span class='ocrx_word' id='word_1_216' title='bbox 440 3451 473 3502; x_wconf 85' lang='lat' dir='ltr'>er</span> <span class='ocrx_word' id='word_1_217' title='bbox 497 3427 693 3526; x_wconf 77' lang='lat' dir='ltr'>gravissimis.</span> <span class='ocrx_word' id='word_1_218' title='bbox 710 3427 925 3525; x_wconf 86' lang='lat' dir='ltr'>disputantem</span> <span class='ocrx_word' id='word_1_219' title='bbox 950 3427 1023 3524; x_wconf 89' lang='lat' dir='ltr'>phi·</span> <span class='ocrx_word' id='word_1_220' title='bbox 1061 3444 1064 3450; x_wconf 88' lang='grc'><strong><em>·</em></strong></span> 
     </span>
     <span class='ocr_line' id='line_1_30' title="bbox 72 3535 1026 3643; baseline -0.016 -24"><span class='ocrx_word' id='word_1_221' title='bbox 72 3542 249 3643; x_wconf 89' lang='lat' dir='ltr'>losophum</span> <span class='ocrx_word' id='word_1_222' title='bbox 267 3566 384 3614; x_wconf 86' lang='lat' dir='ltr'>omnes</span> <span class='ocrx_word' id='word_1_223' title='bbox 408 3538 571 3613; x_wconf 71' lang='lat' dir='ltr'>unslionis</span> <span class='ocrx_word' id='word_1_224' title='bbox 584 3538 676 3612; x_wconf 84' lang='lat' dir='ltr'>causa</span> <span class='ocrx_word' id='word_1_225' title='bbox 699 3537 896 3637; x_wconf 87' lang='lat' dir='ltr'>relinquunt.</span> <span class='ocrx_word' id='word_1_226' title='bbox 918 3537 964 3608; x_wconf 88' lang='lat' dir='ltr'>ita</span> <span class='ocrx_word' id='word_1_227' title='bbox 977 3535 1026 3605; x_wconf 89' lang='lat' dir='ltr'>le-</span> 
     </span>
     <span class='ocr_line' id='line_1_31' title="bbox 73 3642 1025 3752; baseline -0.021 -18"><span class='ocrx_word' id='word_1_228' title='bbox 73 3657 237 3734; x_wconf 83' lang='lat' dir='ltr'>viffimam</span> <span class='ocrx_word' id='word_1_229' title='bbox 260 3653 508 3728; x_wconf 66' lang='lat' dir='ltr'>delectationem</span> <span class='ocrx_word' id='word_1_230' title='bbox 530 3654 743 3752; x_wconf 80' lang='lat' dir='ltr'>gravissnnae,</span> <span class='ocrx_word' id='word_1_231' title='bbox 762 3670 799 3724; x_wconf 91' lang='lat' dir='ltr'>ut</span> <span class='ocrx_word' id='word_1_232' title='bbox 822 3650 882 3747; x_wconf 85' lang='lat' dir='ltr'>ipsr</span> <span class='ocrx_word' id='word_1_233' title='bbox 904 3642 1025 3736; x_wconf 86' lang='lat' dir='ltr'>serunt,</span> 
     </span>
    </p>
   </div>
   <div class='ocr_carea' id='block_1_3' title="bbox 73 3759 1083 3869">
    <p class='ocr_par' dir='ltr' id='par_1_7' title="bbox 73 3759 1083 3869">
     <span class='ocr_line' id='line_1_32' title="bbox 73 3759 1083 3869; baseline -0.022 -18"><span class='ocrx_word' id='word_1_234' title='bbox 73 3770 205 3851; x_wconf 79' lang='lat' dir='ltr'>utilitati</span> <span class='ocrx_word' id='word_1_235' title='bbox 227 3786 443 3866; x_wconf 84' lang='lat' dir='ltr'>anteponunt.</span> <span class='ocrx_word' id='word_1_236' title='bbox 467 3767 585 3845; x_wconf 89' lang='lat' dir='ltr'>Otium</span> <span class='ocrx_word' id='word_1_237' title='bbox 608 3787 717 3845; x_wconf 87' lang='lat' dir='ltr'>autem</span> <span class='ocrx_word' id='word_1_238' title='bbox 737 3767 829 3869; x_wconf 90' lang='lat' dir='ltr'>quod</span> <span class='ocrx_word' id='word_1_239' title='bbox 851 3759 932 3838; x_wconf 84' lang='lat' dir='ltr'>dicis</span> <span class='ocrx_word' id='word_1_240' title='bbox 949 3759 1032 3858; x_wconf 69' lang='lat' dir='ltr'>elle,</span> <span class='ocrx_word' id='word_1_241' title='bbox 1046 3788 1083 3829; x_wconf 72' lang='lat' dir='ltr'>n</span> 
     </span>
    </p>
   </div>
   <div class='ocr_carea' id='block_1_4' title="bbox 1113 2066 1120 2115">
    <p class='ocr_par' dir='ltr' id='par_1_8' title="bbox 1113 2066 1120 2115">
     <span class='ocr_line' id='line_1_33' title="bbox 1113 2066 1120 2115; baseline 0 0"><span class='ocrx_word' id='word_1_242' title='bbox 1113 2066 1120 2115; x_wconf 89' lang='lat' dir='ltr'>l</span> 
     </span>
    </p>
   </div>
   <div class='ocr_carea' id='block_1_5' title="bbox 0 0 1194 4304">
    <p class='ocr_par' dir='ltr' id='par_1_9' title="bbox 0 0 1194 4304">
     <span class='ocr_line' id='line_1_34' title="bbox 0 0 1194 4304; baseline 0 0"><span class='ocrx_word' id='word_1_243' title='bbox 0 0 1194 4304; x_wconf 95' lang='lat' dir='ltr'> </span> 
     </span>
    </p>
   </div>
  </div>
 </body>
</html>
