2304 4304
166 357 236 434 ²74
403 274 966 412 DIiOer'Tisls·¹

78 524 89 543 ·
160 499 381 596 eloquentem.
405 496 460 570 sed
487 521 531 570 eo
557 516 658 572 tene
686 498 839 572 laudandi
865 498 1006 597 quidem
1031 495 1112 573 causa

159 607 389 705 interpellavi,
407 633 448 680 ne
468 607 550 705 quid
581 609 622 680 de
647 610 715 683 hoc
740 627 810 682 tam
841 609 968 708 exiguo
994 609 1110 682 sermo·

160 717 212 791 nis
243 719 293 790 tui
330 734 482 816 tempore
506 717 616 792 verbo
651 741 720 790 uno
748 732 834 789 'meo
872 717 1108 791 diminuerent.

97 842 143 898 ¹90
161 825 258 900 Hanc
284 824 409 924 igitur,
430 825 563 896 Crassus
581 824 719 923 inquit,
731 823 772 896 ad
792 823 901 923 legem
927 851 1005 899 cum
1023 847 1107 896 exer·

159 935 343 1027 citatione,
369 952 442 1007 rum
465 933 561 1025 stilo,
584 936 698 1033 quiet
722 931 809 1023 alia,
831 949 865 1004 et
888 931 958 1006 hoc
977 931 1106 1005 maxime

159 1064 281 1136 ornat,
302 1071 341 1119 ac
366 1045 483 1134 limat,
506 1044 681 1118 formanda
705 1044 804 1119 vobis
827 1043 940 1117 oratio
960 1043 1018 1119 est
1046 1046 1105 1117 Ne·

158 1177 224 1250 que
237 1175 348 1226 tamen
362 1154 429 1227 hoc
444 1155 527 1227 tami
545 1153 668 1228 laboris
681 1152 743 1245 est,
762 1153 876 1253 quanti
887 1153 1046 1228 videtur:
1056 1179 1104 1231 nec

158 1263 1105 1362 sunthaecrhyrhmiconunaemusrcorumaeerrimanor·

157 1398 213 1445 ma
229 1375 407 1473 dirigenda.
419 1394 453 1448 et
464 1375 670 1448 efficiendum
684 1375 731 1449 est
746 1376 825 1450 illud
837 1377 942 1450 modo
951 1378 1063 1470 vobis,
1072 1403 1104 1452 ue

156 1479 238 1553 sluat
257 1481 387 1568 oratio,
400 1489 602 1580 n'evagetur,
624 1507 666 1554 ne
688 1482 808 1556 insistat
831 1482 989 1574 interius,
1004 1511 1104 1561 neea·

155 1614 267 1668 currat
285 1593 437 1690 longius:
456 1613 493 1665 ut
526 1590 681 1663 membris
706 1589 944 1696 distinguatur,
970 1609 1010 1666 ut
1032 1617 1105 1667 con·

155 1702 322 1780 versones
347 1707 465 1780 habeat
479 1704 651 1779 absolutas.
676 1705 795 1805 Neque
810 1702 939 1801 semper
955 1705 1105 1779 utendum

26 1908 30 1915 .
155 1810 203 1884 est
222 1817 466 1913 perpetuitate,
487 1834 522 1889 et
545 1813 635 1913 quafi
658 1812 876 1888 converfione
905 1813 1105 1906 verborum,
1139 1830 1142 1919 t

154 1923 210 1997 sed
234 1926 328 2024 saepe
351 1928 516 2026 carpenda
539 1926 697 2000 membris
735 1925 971 2000 minutioribus
992 1929 1105 2002 ¹oratio
1139 1928 1142 1965 ¹

152 2035 211 2122 ess,
222 2062 305 2135 quae
314 2061 426 2113 tamen
444 2040 512 2138 ipsa
521 2040 669 2112 membra
678 2039 750 2114 sunt
764 2041 908 2114 numeris
925 2030 1106 2116 vincienda.

26 2126 29 2151 ¹
88 2156 133 2215 ¹9¹
153 2151 271 2247 Neque
284 2177 350 2224 vos
362 2177 482 2248 paeon,
496 2171 552 2225 aut
566 2152 688 2225 herous
701 2151 753 2224 ille
767 2152 954 2227 conturbet.
977 2153 1037 2252 ipsi
1050 2179 1105 2228 oc·

153 2281 286 2336 current
299 2264 444 2337 orationi
455 2290 463 2335 :
476 2260 548 2359 ipsi,
560 2263 707 2360 inquam,
717 2261 749 2333 se
758 2261 913 2353 offerent,
927 2282 961 2336 et
975 2263 1106 2361 respon·

151 2371 276 2447 debunt
288 2399 357 2447 non
370 2373 493 2449 vocati
506 2372 709 2447 consuetudo
718 2373 823 2446 modo
833 2370 886 2444 illa
899 2374 1104 2448 srtscribendi

151 2499 251 2576 atque
276 2483 431 2573 dicendi,
458 2500 495 2555 ut
521 2481 698 2555 sententiae
721 2480 833 2556 verbis
855 2478 1037 2574 finiantur,
1051 2509 1105 2557 eo·

51 2576 55 2583 ¹
149 2611 289 2685 rumque
312 2592 494 2664 verborum
517 2589 642 2664 iunslio
662 2589 810 2663 nascatur
832 2616 851 2662 a
873 2595 1024 2687 proceris
1045 2623 1104 2668 nu·
1138 2628 1142 2675 ε

149 2693 249 2763 meris
276 2719 315 2766 ac
340 2695 465 2787 liberis,
478 2696 621 2769 maxime
642 2698 772 2783 heroo,
794 2713 827 2768 et
852 2723 983 2794 paeone
999 2701 1104 2799 poste·
1120 2760 1142 2792 ,-

148 2801 256 2892 riore,
270 2826 325 2877 aut
339 2806 499 2893 Cretic03
518 2806 574 2879 sed
595 2807 688 2880 varie
709 2804 922 2908 distinsleque
948 2811 1100 2886 considat.
1139 2802 1142 2865 l

147 2910 292 2985 Notatur
305 2914 394 2987 enim
411 2916 553 2987 maxime
571 2916 747 3004 similitudo
767 2919 802 2989 in
820 2919 1100 3016 conquiescendo:

145 3042 204 3111 et,
227 3020 252 3093 s1
273 3024 373 3121 primi
388 3046 422 3099 et
436 3024 593 3122 postremi
618 3025 665 3097 illi
682 3028 780 3124 pedes
799 3029 872 3101 sunt
893 3031 956 3104 hac
977 3035 1099 3109 ratione

24 3223 26 3230 Ι
84 3145 86 3148 ⁴
145 3129 291 3224 servati,
318 3135 418 3207 medii
440 3135 575 3233 possunt
601 3133 725 3226 latere,
746 3141 852 3212 modo
880 3166 923 3213 ne
948 3143 1097 3219 circuitu

118 3274 123 3281 ·
144 3238 213 3335 ipse
238 3245 419 3319 verborum
436 3245 476 3320 stt
491 3270 547 3336 aut
561 3247 699 3324 brevior
712 3303 724 3339 ,
735 3275 835 3349 quam
852 3275 946 3324 aures
967 3254 1095 3353 exspec-
1139 3243 1142 3313 l

57 3353 73 3402 s
145 3366 240 3436 tent3
262 3371 317 3424 aut
338 3354 497 3453 longior,
523 3382 623 3455 quam
649 3357 737 3432 vires
767 3377 865 3458 atque
903 3359 1015 3433 anima
1041 3387 1092 3458 pa·

81 3472 126 3550 50
144 3453 251 3528 tiatun
304 3457 468 3534 Clausulas
490 3483 598 3537 autem
621 3466 810 3564 diligentius
840 3468 941 3540 etiarn
967 3469 1090 3549 servan·
1131 3439 1142 3509 l

77 3585 125 3635 ¹92
143 3565 200 3638 das
235 3566 299 3640 esse
320 3573 488 3664 arbitror,
509 3601 608 3673 quam
643 3578 838 3674 superiora,
863 3583 958 3679 quod
987 3584 1021 3656 in
1048 3582 1088 3655 hit
1128 3568 1142 3616 l

128 3677 282 3772 ,maxime
304 3678 464 3773 perfeslio
496 3705 593 3781 atque
622 3686 786 3760 absolutio
810 3688 985 3764 iudicatur.
1022 3712 1085 3764 nan
1127 3672 1142 3724 l

138 3782 251 3858 versia
275 3810 376 3884 aeque
392 3787 499 3890 prima
505 3843 518 3880 ‚
531 3806 567 3866 'et
587 3794 722 3888 media,
739 3819 773 3872 et
787 3819 934 3889 extrema
956 3814 1084 3899 pareat·
