2302 4304
10 40 31 279 ξ,

238 198 246 256 p
301 189 304 201 Α

379 317 705 445 ORATQn
808 378 810 383 >
935 326 1039 427 pp

56 497 102 572 tia
124 498 307 572 contineri:
334 514 442 570 cetera
459 494 565 581 nasci,
586 493 755 583 occidere,
781 478 902 580 fluere,
920 493 1008 583 labi,

57 632 119 682 nec
140 609 263 685 diutius
279 607 343 680 esse
364 631 432 678 uno
450 625 483 678 et
496 606 616 679 eodem
637 604 728 678 statu
777 604 949 702 Quidquid
963 607 1009 689 est

56 716 175 818 igitur,
210 721 343 819 dequo
367 717 496 791 ratione
525 735 558 790 et
584 719 640 793 via
670 717 866 815 disputettu,
902 716 1010 790 idest
1057 770 1088 807 ,·

56 836 99 906 ad
120 835 273 908 ultimam
300 833 348 908 sui
372 833 498 932 generis
522 831 667 906 sormam
689 829 896 927 speciemque
921 825 1010 909 redi·

55 948 212 1044 gendtun.
754 938 756 942 ¹

105 1060 157 1132 Ac
184 1060 304 1149 video,
349 1056 434 1132 hanc
466 1056 607 1157 primam
640 1050 872 1155 ingressionem
902 1080 1010 1128 meam
1029 1086 1054 1121 ιι

56 1191 129 1239 non
149 1194 193 1241 ex
213 1171 354 1243 oratoris
374 1170 644 1267 disputationibus
663 1167 817 1254 dudem,
842 1165 1012 1248 sedeme·

55 1277 111 1348 dia
136 1279 347 1376 philosophia
377 1282 576 1376 repetitam,
606 1269 646 1351 ¹et
671 1301 743 1350 eam
774 1275 909 1372 quidem
928 1301 1011 1348 etun

55 1385 247 1482 antiquam,
271 1387 613 1471 tumsubobscuram,
638 1398 693 1456 aut
706 1382 964 1480 reprehensionis
977 1410 1020 1456 a·-

54 1491 183 1588 liquid,
207 1511 263 1566 aut
283 1517 371 1568 certe
393 1492 618 1566 admirationis
629 1492 822 1564 habituram.
851 1494 939 1564 Nam
956 1508 1011 1565 aut

56 1600 283 1693 mirabuntur,
321 1602 401 1700 quid
439 1601 519 1674 haec
548 1600 731 1705 pertineant
762 1601 804 1672 ad
832 1625 891 1689 ea,
926 1611 1021 1699 quae'¹

55 1712 266 1807 quaerimus;
300 1710 418 1808 quibus
444 1709 614 1789 satisfaciet
638 1734 689 1781 res
710 1709 777 1805 ipsa
796 1712 951 1807 cognita,
974 1731 1023 1785 ut·

55 1842 128 1889 non
144 1819 211 1892 stne
239 1820 334 1893 causa
362 1818 426 1889 alte
450 1818 587 1914 repetita
615 1818 787 1892 videatur
817 1836 875 1891 aut
897 1842 1021 1914 repre,

56 1926 227 2017 hendent,
263 1927 358 2024 quod
385 1924 547 1997 inufitatas
575 1921 647 1998 vias
678 1923 888 2022 indagemus,
921 1925 1012 1999 tritas

55 2031 288 2130 relinquanus.
336 2035 409 2129 Ego
431 2050 540 2103 autem
560 2048 593 2102 et
614 2054 668 2100 me
685 2030 779 2127 saepe
793 2057 885 2106 nova
903 2031 1024 2107 videri
1029 2056 1057 2091 12

55 2143 170 2215 dicere
192 2142 359 2240 intelligo,
383 2159 460 2245 cum
486 2155 659 2234 pervetera
682 2137 812 2227 dicam,
846 2139 927 2212 sed
918 2167 1012 2212 mau·
1088 2181 1091 2189 ·

55 2256 125 2327 dita
145 2255 328 2377 plerisque3
361 2268 395 2326 et
412 2253 543 2339 fateor,
568 2276 622 2322 me
641 2269 831 2340 oratorem,
861 2253 1012 2330 stmodo
1104 2261 1105 2264 ’

55 2361 139 2452 sim,
164 2381 219 2435 aut
245 2363 354 2435 etiam
365 2358 555 2458 quicunque
576 2358 654 2447 fim,
689 2383 760 2430 non
775 2383 817 2430 ex
839 2359 1011 2433 rhetorum

54 2474 225 2563 officinis,
248 2472 304 2545 sed
326 2497 369 2544 ex
393 2467 587 2543 Academiae
615 2466 723 2563 spatiis
743 2465 905 2540 exstitisse.
953 2469 1012 2540 llla

54 2581 147 2652 enim
169 2580 242 2653 sunt
259 2580 420 2657 curticula
440 2574 670 2670 multiplicium
687 2573 923 2674 variorumque
945 2578 1012 2651 ser·

48 2708 220 2780 monum,
243 2691 279 2761 in
299 2689 416 2786 quibus
437 2685 581 2758 Platonis
599 2687 743 2783 primum
762 2686 915 2785 impressa
939 2692 1013 2766 sunt
1072 2712 1077 2723 “

54 2798 216 2896 vestigia:
244 2798 298 2871 sed
325 2816 358 2869 et
383 2798 480 2871 huius
504 2816 539 2871 et
565 2799 707 2871 aliorum
720 2863 722 2867 ,
735 2800 1027 2900 ρὶιῦοίορὴοηιιηΔ

54 2908 330 3004 disputationibus
352 2927 386 2982 et
407 2909 587 3007 exagitatus
604 2910 748 2983 maxime
760 2935 876 2986 orator
892 2915 955 3005 est,
979 2914 1012 2989 e't

56 3018 196 3090 adiutus.
245 3018 368 3115 Omnis
391 3015 480 3091 enim
505 3019 655 3110 ubertas,
680 3039 713 3092 et
736 3025 828 3118 quast
843 3026 931 3098 silva
958 3029 1011 3098 di·

54 3128 175 3218 cendi,
200 3130 296 3202 dusla
314 3129 356 3201 ab
378 3129 440 3222 illis
461 3130 529 3220 est,
553 3157 615 3204 nec
634 3133 708 3204 satis
732 3156 842 3204 tamen
859 3133 1013 3208 instrusla

55 3241 97 3312 ad
122 3237 270 3312 forenses
286 3216 426 3326 causas3
456 3264 553 3339 quas,
577 3261 614 3314 ut
636 3242 681 3312 illi
706 3242 764 3336 ipsi
791 3242 900 3316 dicere
926 3244 1054 3319 sole-

54 3348 153 3437 bant,
179 3337 408 3446 agrestioribus
428 3351 528 3425 Musis
546 3350 763 3452 reliquerunt.
783 3348 835 3422 sic
857 3353 1013 3453 eloquen-
1030 3387 1058 3438 13

54 3454 100 3527 tia
119 3457 200 3528 haec
221 3455 378 3550 sorensis,
404 3456 510 3554 spreta
530 3449 771 3553 aphilosophis
801 3478 834 3531 et
863 3465 1012 3560 repudia-

55 3584 108 3653 ta,
134 3566 245 3640 multis
257 3567 391 3669 quidem
405 3568 458 3639 illa
474 3567 668 3640 aditunentis
685 3567 874 3665 magnisque
887 3571 1013 3659 caruit,

56 3678 112 3752 sed
131 3696 243 3752 tamen
266 3698 381 3752 ornata
405 3679 518 3754 verbis
539 3698 637 3777 atque
659 3679 841 3784 sententiis,
867 3679 1013 3781 iaslatio
1061 3752 1063 3756 .

59 3812 137 3861 nem
152 3788 267 3866 habuit
285 3789 321 3864 in
338 3791 487 3889 popedo,
516 3815 578 3863 nec
599 3817 782 3888 paucorum
794 3789 952 3866 iudicium
965 3819 1012 3903 re7
