2302 4304
395 296 704 370 usurus
960 327 1029 403 „9

67 451 180 541 oratio
206 454 386 554 :reliquae
417 476 542 556 partes,
566 458 825 557 quasimembra
851 461 909 536 suo
928 490 1031 564 quae·

66 591 134 664 que
161 567 241 642 loco
266 569 402 661 locata,
428 570 518 653 suam
544 587 577 642 et
605 570 679 644 ¹vim
706 592 739 643 et
764 572 955 671 dignitatem
976 596 1031 650 te·

66 695 175 756 nent„
207 678 297 775 Cum
326 696 437 752 autem
472 677 602 751 difficile
615 678 680 766 stt,
704 679 744 749 in
759 679 859 778 longa
881 684 1033 758 oratione

56 818 139 864 -non
160 792 338 890 aliquando
361 791 484 890 aliquid
500 790 545 864 ita
567 792 692 881 dicere,
713 807 750 862 ut
762 790 821 863 fibi
841 791 946 888 ipsum
961 821 1041 869 nonx

67 905 275 990 conveniat;
301 921 426 1001 quanto
441 902 605 997 difficilius
620 928 758 995 cavere,
781 929 822 976 ne
841 904 921 1002 quid
933 906 1034 997 dicas,

66 1017 162 1112 quod
180 1040 250 1086 non
262 1016 440 1089 conveniat
454 1015 524 1087 eius
538 1014 702 1103 orationi,
729 1013 878 1112 quiante
892 1032 924 1085 te
938 1013 1032 1097 dixe-

66 1125 141 1199 rit?
178 1127 242 1200 Sed
279 1125 358 1224 quia
392 1145 425 1199 et
443 1125 538 1198 labor
562 1125 669 1198 multo
689 1125 798 1197 maior
818 1123 866 1197 est
881 1170 907 1211 ,-
924 1143 1033 1198 totam
1108 1186 1113 1194 .

66 1238 212 1328 causam,
240 1263 339 1335 quam
351 1251 481 1334 'partem
494 1237 627 1328 dicere,
647 1255 681 1309 et
707 1238 784 1334 quia
796 1236 904 1332 plures
917 1236 1035 1308 ineun-

65 1363 122 1416 tur
132 1345 276 1443 gratiae,
301 1345 408 1416 sruno
429 1365 581 1442 tempore
605 1346 693 1417 dicas
707 1360 773 1439 pro
789 1343 959 1439 pluribus,
977 1341 1031 1415 id-

65 1455 159 1528 circo
173 1453 258 1526 hanc
270 1451 548 1532 consuetudinem
567 1455 718 1528 lubenter
734 1453 942 1532 adscivimus.

113 1571 216 1640 Erant
229 1586 358 1658 tamen,
383 1569 502 1666 quibus
529 1567 700 1641 videretur
725 1567 811 1639 illius
835 1568 948 1639 aetatis
964 1550 1031 1640 ter-
1053 1556 1096 1656 58

63 1674 129 1746 tius
144 1675 275 1767 Curio,
302 1676 379 1773 quia
395 1675 670 1773 splendidioribus
687 1674 948 1752 fortasse-verbis
960 1696 1032 1750 ute·
1051 1693 1098 1727 ²¹⁶

63 1783 185 1870 batur;
209 1801 242 1856 et
265 1786 342 1881 quia
356 1786 470 1858 Latine
484 1810 554 1859 non
575 1785 709 1884 pellime
722 1786 947 1885 loquebatur,
961 1788 1033 1878 usu,
1102 1807 1105 1814 '

64 1892 186 1981 credo,
214 1890 326 1989 aliquo
356 1890 550 1966 domestico¹
563 1919 639 1967 nam
662 1893 831 1966 literarum
849 1893 1032 1968 admodum

62 2002 147 2074 nihil
160 2002 291 2076 sciebat.
333 2002 404 2075 Sed
413 2029 525 2102 magni
515 2003 692 2090 luterell
712 2027 797 2100 quos
818 2001 955 2102 quisque
969 2030 1032 2076 au·

64 2109 135 2182 diat
156 2109 308 2207 quotidie
331 2109 448 2203 domi,
480 2112 676 2211 quibuscum
700 2109 857 2209 loquatur
881 2137 1096 2238 apuero,··

64 2223 349 2319 quemadmodum
380 2241 512 2321 patres,
551 2224 759 2321 paedagogi,
786 2243 907 2309 matres
932 2225 1032 2296 etiam
1084 2213 1086 2218 ¹

63 2332 252 2430 loquantur.
313 2332 468 2431 Legimus
494 2329 646 2428 epistolas
673 2330 877 2421 Corneliae,
919 2332 1032 2405 matris
1050 2366 1095 2404 ιιι

63 2443 322 2516 Gracchorum:
349 2465 508 2539 apparet,
535 2441 622 2515 filios
665 2467 734 2513 non
757 2460 827 2514 tam
843 2441 879 2514 in
897 2442 1032 2541 gremio

62 2560 234 2647 educatos,
249 2583 350 2656 quam
368 2559 403 2630 in
413 2557 564 2630 sermone
582 2554 708 2628 matris.
754 2552 894 2647 Auditus
906 2553 952 2627 est
966 2577 1032 2660 no-

62 2667 114 2742 bis
127 2668 277 2755 Laeliae,
290 2669 367 2740 Caii
387 2666 492 2759 filiae,
506 2667 600 2765 saepe
620 2667 737 2740 sermo.
761 2691 843 2765 ergo
865 2665 952 2757 illam
970 2691 1033 2761 pa-

61 2778 123 2850 tris
149 2777 306 2884 elegantia
329 2779 464 2851 tindam
494 2778 665 2863 vidimus;
702 2797 736 2850 et
758 2776 886 2851 filias
856 2804 926 2851 etus
951 2781 1030 2851 Mu-

61 2890 130 2961 cias
146 2889 258 2961 ambas
270 2942 283 2978 ‚
305 2914 446 2987 quarum
459 2887 567 2962 sermo
581 2887 665 2960 mihi
677 2886 739 2960 fuit
753 2909 878 2975 notus;
904 2905 937 2967 et
946 2914 1031 2984 nep-

60 3018 112 3070 tes
130 2996 296 3085 Licinias,
323 3023 403 3094 quas
424 3024 485 3073 nos
511 2999 646 3097 quidem
674 2998 811 3090 ambas,
845 2999 929 3070 hanc
946 2997 1034 3071 vero

60 3103 227 3199 Scipionis
248 3104 348 3176 etiam
363 3122 419 3194 tu,
448 3105 571 3194 Brute,
598 3105 699 3177 credo
710 3053 912 3200 ,aliqiiando
935 3101 1033 3172 audi-

61 3213 103 3286 sti
124 3215 328 3340 loquentem.
382 3218 456 3315 Ego
484 3241 589 3307 vero,
623 3243 661 3290 ac
681 3215 830 3287 lubenter
871 3212 1035 3317 quidem,

62 3327 174 3424 inquit
194 3327 338 3414 Brutus3
366 3351 400 3401 et
413 3352 456 3401 eo
467 3326 654 3418 lubentius,
679 3326 773 3435 quod
790 3325 944 3409 LCraffi
962 3341 1032 3398 erat

61 3437 140 3510 filia.
188 3440 284 3532 Quid
305 3441 484 3531 Graiium,
512 3442 663 3538 inquam,
687 3428 778 3543 illum
792 3442 919 3530 censu,
942 3437 1030 3511 istius
1049 3452 1119 3511 ιιι

59 3547 208 3621 Liciniae
232 3547 363 3640 filium,
389 3495 492 3622 Cratii
521 3549 715 3627 testamento
740 3579 799 3651 qui
789 3553 877 3625 fuit
890 3551 1034 3643 adopta·

60 3655 144 3726 tusi
185 3654 337 3763 Summo
369 3658 427 3730 iste
451 3658 586 3754 quidem
612 3660 763 3733 dicitur
732 3663 891 3758 ingenio
910 3657 1031 3749 sitisse,
1086 3710 1089 3714 -

59 3764 181 3914 iuquit.
158 3769 277 3879 ιΕιΙΙ
284 3758 368 3844 vero
382 3769 436 3842 hic
454 3769 585 3868 Scipio,
607 3752 735 3870 collega
740 3795 860 3939 pseus,
884 3767 965 3841 mihi
980 3769 1033 3844 sa·

52 3887 55 3890 ’
793 3894 818 3962 4
