2302 4304
43 500 70 555 it
89 479 250 584 grandis,
271 495 305 554 et
326 480 441 554 eadem
464 481 615 578 inprimis
635 481 742 556 faceta
763 499 798 556 et
818 481 1001 580 penubana

43 592 304 666 commendabat
332 591 452 668 oratio.
502 595 631 668 Graves
655 592 724 666 eius
747 595 926 668 conciones
947 592 1002 666 ali·
1116 601 1118 605 ’

43 723 130 803 quot
153 699 306 791 suerunt,
325 724 416 775 acres
439 701 660 776 accusationes
681 718 766 791 tres,
786 723 908 800 eaeque
929 725 1002 774 om·
1062 799 1065 804 .

43 836 103 886 nes
128 835 175 884 ex
200 809 399 907 reipubhcae
423 809 637 882 contentione
658 808 840 906 susceptae-c
868 806 1003 882 defensi·

43 942 146 1006 ones,
158 918 218 991 etsi
241 919 295 991 illa
316 935 407 991 ciant
426 917 525 990 in'eo
548 918 703 1010 meliora,
725 941 808 1016 quae
830 919 914 1008 dixi,
934 939 1005 992 non

43 1026 313 1101 contemnendae
330 1043 453 1116 tamen,
469 1027 608 1124 saneque
620 1026 814 1100 tolerabiles.
849 1026 915 1100 Hic
929 1029 1005 1101 cuni
1042 1077 1045 1086 ·

43 1134 177 1213 sinnma
205 1134 375 1209 voluntate
403 1137 572 1207 bonorum
603 1130 717 1208 aedilis
750 1137 871 1210 curulis
892 1136 1006 1223 ¹faslua

43 1245 144 1337 effet,
164 1247 276 1320 nescio
293 1247 469 1346 quomodo
488 1246 624 1320 discessu
643 1272 720 1322 meo
740 1248 879 1322 discessit
895 1246 1005 1342 asese,

43 1356 254 1454 ceciditque,
281 1354 492 1453 posteaquam
523 1348 582 1428 eos
612 1356 732 1430 imitari
763 1359 895 1456 coepit,
921 1379 1006 1458 quos

43 1469 118 1568 ipse
139 1489 350 1567 perverterat.
400 1469 464 1542 Sed
485 1468 526 1541 de
553 1469 601 1541 Μ.
631 1463 762 1542 Calidio
784 1470 929 1544 dicamus
951 1471 1008 1544 ali·
1026 1493 1074 1545 ²7⁴

43 1578 154 1679 quid,
180 1578 239 1674 qui
266 1576 422 1652 nonfuit
447 1592 562 1651 orator
588 1603 673 1651 imus
697 1604 715 1650 e
739 1579 872 1667 multis;
895 1581 1006 1678 potius

43 1690 138 1764 inter
163 1692 284 1764 multos
306 1715 411 1789 prope
446 1690 611 1789 singularis
641 1688 722 1762 suit:
748 1689 794 1762 ita
821 1691 1008 1765 reconditas

43 1801 290 1904 exquisitasque
315 1799 486 1875 sententias
505 1800 615 1874 mollis
641 1823 675 1874 et
696 1799 863 1898 pellucens
885 1802 1007 1879 vestie·

45 1915 108 1987 bar
131 1912 251 1983 oratio.
278 1909 358 1982 nihil
382 1929 451 1980 tam
477 1929 649 1998 tenerum,
679 1932 778 2005 quam
799 1907 883 1980 illius
910 1931 1007 1982 com·

45 2022 228 2127 prehensio
256 2021 457 2096 verborum:
477 2033 480 2039 ’
500 2021 582 2093 nihil
611 2039 679 2094 tam
705 2019 870 2109 slex'ibile3
905 2022 1007 2113 nihil,

47 2131 147 2231 qnod
171 2127 273 2228 magis
289 2127 386 2226 ipsius
400 2128 537 2201 arbitrio
558 2126 754 2227 fingeretur,
778 2150 816 2201 ut
830 2128 946 2199 nullius
968 2151 1010 2198 o·
1072 2173 1076 2182 f

49 2235 178 2310 satoris
202 2261 303 2334 aeque
322 2235 357 2306 in
375 2236 532 2331 potestate
553 2235 670 2306 suerit:
695 2258 780 2332 quae
803 2234 948 2329 primuni
960 2232 1012 2312 ,ita

49 2370 139 2446 pura
152 2366 245 2437 ciat,
269 2362 306 2417 ut
326 2345 406 2419 nihil
426 2344 581 2442 liquidius
594 2370 606 2430 3
620 2344 674 2431 ita
691 2343 791 2413 libere
809 2340 950 2428 fluebat,
975 2356 1013 2410 ut
1044 2334 1048 2339 ’

47 2455 219 2554 nusquam
237 2455 496 2539 adhaeresceret3
522 2453 662 2539 nullum,
688 2451 747 2522 nisi
762 2451 840 2522 loco
859 2447 1015 2544 postum,

43 2568 89 2640 es
110 2582 268 2664 tanquam
292 2571 329 2640 in
351 2565 549 2650 vermiculato
567 2563 760 2649 emblemate,
784 2576 822 2631 ut
843 2556 889 2629 ait
913 2555 1015 2630 Luci·
1122 2550 1126 2565 ’

48 2676 138 2767 lius,
164 2677 329 2752 ‘strussum
353 2663 494 2752 verbum
524 2675 666 2749 videres.
699 2699 761 2747 nec
796 2695 879 2748 vero
905 2672 1011 2754 ullum

50 2800 114 2857 aut
133 2781 275 2876 durum,
299 2803 354 2858 aut
373 2781 536 2872 insoleus,
559 2798 614 2852 aut
635 2780 779 2867 humile,
804 2803 860 2854 aut
885 2781 1029 2882 longius

51 2888 215 2976 dusium3
240 2915 279 2979 ac
300 2916 369 2963 non
395 2889 530 2986 propria
550 2887 651 2963 verba
672 2913 808 2980 rerum,
833 2890 889 2963 sed
909 2892 1014 2987 plera&
1087 2965 1091 2973 ,

51 3026 125 3102 que
156 3003 287 3096 tralaia3
310 3003 360 3076 sic¹
380 3020 507 3091 tamen,
530 3019 567 3072 ut
588 3026 626 3073 ea
642 3025 712 3072 non
733 3001 859 3072 irruisse
878 3001 913 3069 in
934 3000 1016 3071 alie·

52 3139 140 3190 niini
171 3113 304 3204 locum,
324 3101 382 3210 'sed
403 3105 600 3212 immigrasse
626 3113 662 3184 in
680 3111 774 3184 suum
798 3113 933 3183 diceres.
954 3135 1017 3183 nec
1045 3154 1052 3162 κ

52 3239 144 3304 vero
165 3224 248 3304 haec,
267 3226 387 3313 soluta,
413 3250 474 3297 nec
493 3223 691 3308 diffluentia,
716 3221 772 3295 sed
790 3217 1018 3302 adstrisianu·

53 3335 180 3425 meris,
204 3361 274 3408 non
293 3327 425 3434 aperte,
450 3356 511 3406 nec
532 3333 653 3405 eodem
671 3332 776 3402 modo
790 3330 936 3429 semper,
964 3332 1020 3406 sed

53 3445 159 3522 varie
184 3444 477 3543 dissimulanterque
508 3440 681 3515 conclusis.
729 3440 830 3514 Erant
858 3465 966 3515 autern
988 3459 1021 3512 et
1041 3463 1084 3518 275

53 3557 248 3634 verborum
264 3575 297 3630 et
311 3555 542 3649 sententiarum
554 3552 610 3623 illa
626 3550 767 3641 lumina,
792 3568 874 3650 quae·
895 3551 1021 3624 vocant

54 3665 188 3743 Graeci
208 3701 380 3762 opipare,
411 3665 528 3764 quibus
547 3683 705 3760 tanquam
719 3662 897 3765 insignibus
914 3663 948 3732 in
962 3685 1021 3732 or-

58 3797 162 3880 natu,
187 3775 443 3878 distinguebatur
465 3776 573 3849 omnis
590 3778 711 3851 oratio.
721 3801 792 3876 qua
808 3773 850 3847 de
867 3799 903 3849 re
917 3776 1023 3875 agitiu

1089 810 1113 843 Ι

457 4141 473 4183 l
