2302 4304
143 309 213 405 3&
290 395 293 401 ³
468 307 786 393 BRUTUS.

140 494 241 566 quam
273 466 424 540 omnium
465 468 587 540 horum
624 470 836 545 Aeschines?
863 475 1013 583 Quem
1002 476 1096 576 rgitur

139 577 302 653 imitaris?
352 579 386 649 Si
403 579 566 678 aliquem3
595 581 697 652 ceteri
718 606 801 680 ergo
822 585 936 665 Attice
957 590 1093 661 nondi-

134 689 266 763 cebant
289 687 476 774 fiomnes3
517 688 576 786 qui
596 708 713 785 potes,
740 716 816 764 cum
840 691 904 766 sint
927 691 987 791 ipsi
1009 697 1092 770 diffi-

138 796 268 868 millimi
305 795 391 871 inter
423 797 479 870 sel
543 803 581 871 ln
611 825 685 900 quo
717 803 817 876 etiam
833 803 923 879 illud
950 831 1091 905 quaero,

137 909 312 982 Phalereus
338 907 393 980 ille
424 909 616 983 Demetrius
641 911 816 986 Atticene
842 915 977 1006 dixerit.
1013 921 1093 995 milri

133 1017 273 1119 quidem
291 1042 334 1092 ex
347 1017 431 1093 illius
445 1019 649 1094 orationibus
666 1023 817 1095 redolere
835 1023 925 1121 ipsae
950 1027 1092 1104 Athenae

136 1135 305 1208 videntur.
330 1134 398 1231 At
426 1129 472 1203 est
498 1129 673 1225 floridior,
699 1156 737 1208 ιιι
753 1136 798 1208 ita
821 1136 960 1229 dicam,
998 1166 1091 1243 quam

135 1237 346 1338 Hyperides,
386 1259 487 1332 quam
519 1236 642 1336 Lyfias.
675 1254 792 1311 natura
819 1192 1007 1338 quaedain,
1042 1266 1091 1341 aut

66 1332 114 1428 '33
136 1349 318 1426 voluntas
309 1370 355 1420 rra
381 1346 513 1420 dicendi
534 1345 608 1419 fuit
656 1351 699 1421 Et
713 1347 852 1471 quidem
870 1351 941 1424 duo
967 1333 1091 1429 firerdnt

68 1453 194 1558 186ρει
225 1459 315 1530 idem
347 1472 477 1552 tempus
513 1453 720 1528 dissimiles
710 1458 797 1529 mter
826 1455 882 1544 se,
908 1459 967 1533 sed
994 1463 1088 1536 Attici

132 1586 259 1664 tamen:
294 1588 440 1662 quorum
470 1562 635 1638 Charisius
670 1566 848 1639 mistarum
877 1571 1087 1663 orationum,

131 1703 214 1778 quas
226 1645 398 1751 scribebat
413 1674 505 1766 aliis,
524 1701 621 1750 cum
635 1701 772 1803 cupere
782 1676 985 1754 videretur
975 1683 1088 1758 imitari

102 1790 286 1893 nysam,
312 1788 543 1864 Demochares
561 1806 691 1878 autem,
717 1815 775 1887 qui
765 1787 857 1862 suit
874 1792 1088 1872 Demostheni

131 1907 257 1984 sororis
287 1905 388 1995 silius,
411 1923 445 1979 et
468 1902 646 1978 orationes
662 1900 787 2000 scripsit
806 1902 959 2002 aliquot,
980 1931 1014 1982 et
1038 1935 1087 1996 oa·

32 2000 37 2015 ¹
130 2044 207 2093 rum
228 2041 340 2091 rerum
369 1959 563 2101 historiam,
595 2034 680 2111 quae
713 2032 806 2087 erant
832 2014 974 2088 Athenis
999 2017 1088 2116 ipsus

130 2147 235 2206 aetate
252 2127 378 2230 gestae,
412 2144 482 2197 non
506 2140 575 2197 tam
600 2120 780 2214 historico,
816 2150 923 2223 quam
943 2130 1088 2202 oratorio

130 2265 252 2340 genere
272 2235 465 2338 perscripfit.
514 2236 559 2307 Αι
585 2234 725 2307 Charisii
752 2235 825 2307 vult
847 2235 1005 2335 Hegesias
1026 2237 1086 2310 elle

131 2348 262 2438 similis,
287 2347 377 2445 isque
398 2345 430 2419 se
452 2344 498 2416 ita
519 2360 611 2440 putat
634 2344 804 2433 Atticum,
840 2370 877 2420 ιιι
896 2371 1000 2419 veros
1019 2346 1086 2419 illos

32 2462 113 2530 387
132 2484 211 2559 prae
240 2402 291 2531 se
305 2481 409 2556 paene
436 2451 576 2554 agrestes
608 2474 710 2553 putet.
771 2454 952 2556 mquid
949 2455 996 2529 est
1022 2477 1085 2531 tam

129 2566 287 2657 sraslum,
315 2586 383 2641 tam
401 2568 586 2657 minutum,
612 2587 679 2639 tam
703 2567 736 2638 in
755 2566 823 2663 ipsa
843 2551 963 2664 (quam
981 2587 1084 2641 tamen

128 2659 360 2776 consequitur)
386 2679 610 2751 concinnitate
629 2678 781 2775 puerile?
834 2679 1024 2751 Atticorum
1044 2678 1081 2750 si-

125 2791 224 2870 miles
257 2786 323 2860 effe
358 2789 524 2863 volumus.
573 2789 721 2887 Optime.
778 2790 942 2870 Suntne
932 2788 1080 2885 1giturii

111 2897 233 2973 ·Attici
259 2895 436 2969 oratores?
486 2897 573 2988 Quis
600 2923 719 2994 negare
739 2895 870 2994 potest?
921 2897 1022 2970 Hos
1014 2897 1080 2970 rmi-

90 3019 100 3031 ”
120 3008 246 3091 tamur.
294 3010 520 3104 Quomodo,
547 3010 606 3106 qui
627 3010 701 3082 sunt
724 3029 757 3084 et
787 3010 872 3083 inter
894 3008 926 3081 se
950 3009 1077 3083 diffimi-

83 3164 86 3173 ·
125 3129 193 3218 les,
217 3150 251 3201 et
268 3120 432 3199 aliorum?
470 3119 727 3219 Thucydidem,
747 3121 880 3220 inquit,
907 3121 1077 3194 imitamur.

126 3239 288 3333 Optime,
329 3236 353 3308 ιι
380 3231 549 3311 historiam
576 3232 738 3325 scribere,
766 3259 835 3306 non
854 3232 1014 3317 ficausas
1035 3231 1076 3306 di·

124 3369 201 3420 cere
222 3344 384 3442 cogitatis.
423 3341 648 3444 ‘Thucydides
670 3345 759 3415 enim
784 3368 896 3415 rerum
920 3342 1076 3441 gestarum

124 3452 357 3554 pronuntiator
381 3456 542 3545 smcems,
567 3477 600 3531 et
623 3457 755 3555 grandis
781 3454 880 3529 etiam
903 3454 988 3531 suit:
1016 3455 1075 3529 hoc
1110 3499 1112 3512 ·

31 3615 36 3625 ·
122 3563 275 3655 forense,
301 3565 601 3657 concertatorium,
631 3565 808 3657 iudiciale,
831 3589 904 3638 non
926 3562 1074 3639 traslavit

44 3751 47 3757 ,
120 3698 235 3772 genus.
264 3673 461 3749 Orationes
475 3692 606 3763 autem,
632 3700 713 3772 quas
734 3674 956 3773 interposuit,
983 3673 1074 3798 (mill

122 3798 174 3868 loe
195 3783 285 3876 enim
305 3782 425 3891 sunt,)
464 3806 518 3859 eas
541 3806 616 3884 ego
637 3783 768 3859 laudare
804 3780 919 3872 sole03
958 3779 1072 3860 imitari
1113 3864 1116 3871 ,
