2304 4304
120 304 192 372 422
328 314 330 319 -
440 249 858 347 ounrotu

119 463 203 537 quae
223 433 339 508 absunt
357 433 399 506 ab
422 432 545 530 sorensi
568 433 807 522 contentione,
834 431 969 532 eiusque
988 432 1084 509 totius

120 548 268 646 generis,
286 545 381 642 quod
399 569 514 643 graece
533 558 730 621 craterarum
752 543 964 635 nominatur,
978 545 1084 642 quod,

28 654 30 668 ’
119 657 211 756 quasr
232 659 274 729 ad
296 656 559 752 inspiciendum,
589 655 811 728 delectationis
834 654 929 728 causa
947 680 1083 751 compa·

119 786 227 841 tatum
250 766 321 857 est,
343 791 414 843 non
437 764 638 862 complestar
657 765 723 836 hoc
738 764 1085 862 temporerj'nonquo

120 878 315 977 negligenda
338 877 386 949 sit.
403 950 406 954 ,
426 874 473 948 est
491 873 580 950 enim
599 875 652 946 illa
671 875 762 972 quasi
783 873 896 949 nutrix
914 875 987 948 eius
1009 899 1084 958 ora·
1117 902 1120 910 ·

118 991 227 1077 toris,
253 1014 353 1087 quem
368 984 550 1071 informare
575 986 755 1076 vohunus,
774 1006 807 1059 et
829 988 871 1058 de
897 1012 969 1086 quo
993 988 1092 1078 moli-x

58 1120 104 1180 '12
119 1129 195 1182 mur
213 1102 336 1200 aliquid
348 1123 414 1198 ertq
450 1100 538 1174 fitius
561 1100 679 1176 dicere.
708 1102 761 1175 Ab
780 1102 889 1190 hacet
902 1102 1085 1175 verborum

119 1212 218 1309 copia
243 1212 363 1299 alitur,
382 1227 422 1284 et
440 1236 560 1284 eorum
583 1210 781 1299 consimdiio
804 1229 838 1284 et
865 1237 1024 1287 numerus
1047 1215 1086 1285 li·

73 1326 105 1400 38
120 1318 253 1390 beriore
272 1318 413 1414 quadam
437 1314 558 1390 fruitur
584 1318 726 1410 licentia.
774 1319 884 1401 Datur
903 1319 1008 1392 etiam
1025 1345 1085 1394 ve·

118 1430 175 1501 nia
211 1429 430 1531 concinnitati
457 1430 716 1517 sententiarum
741 1449 775 1504 et
802 1432 909 1528 arguti
938 1432 1086 1530 certique

117 1557 154 1610 et
166 1537 405 1635 circumscripti
416 1538 598 1613 verberum
612 1539 752 1615 'ambitus
768 1539 1025 1639 conceduntur:
1045 1540 1087 1614 de

103 1639 364 1744 industriaque,
380 1673 451 1721 non
476 1672 517 1723 ex
530 1647 667 1737 insidiis,
691 1649 747 1739 sed
764 1666 877 1746 aperte
899 1672 939 1724 ac
959 1646 1090 1743 palam,

118 1752 331 1848 elaboratur,
357 1774 395 1832 ut
413 1748 517 1832 v‘erba
530 1759 642 1833 verbis
656 1758 744 1856 quasi
767 1757 920 1833 demensa
947 1755 1088 1854 etparia·

118 1864 355 1960 respondeam
372 1885 410 1941 ut
424 1870 543 1943 crebro
557 1867 772 1945 conferantur
783 1866 982 1966 pugnantia,
996 1890 1084 1948 conr·

120 2001 341 2078 parentemque
359 1982 550 2066 contrariat
568 1999 603 2054 et
614 1998 651 2054 ut
667 1980 951 2079 pariterextrema
972 1976 1086 2076 termi-

120 2107 240 2162 nentur
250 2145 261 2182 ,
270 2093 478 2192 eundemque
491 2091 635 2177 reserant
642 2091 678 2163 in
690 2084 840 2165 cadendo
851 2089 988 2164 sonumz
1002 2085 1087 2186 qima

118 2198 157 2271 in
170 2202 308 2277 veritate
322 2203 492 2275 causarum
506 2220 540 2274 et
549 2203 652 2274 rarius
664 2202 772 2275 multo
789 2199 946 2285 facimus,
967 2215 1001 2272 et
1014 2220 1086 2270 cer·

119 2327 154 2379 re
171 2311 342 2384 occultius,
369 2313 407 2385 ln
421 2309 663 2383 Panathenaico
679 2325 786 2381 autem
799 2305 959 2380 Isocrates
968 2328 1006 2376 ea
1014 2302 1084 2376 stu·⁴

119 2415 212 2491 diosc
226 2420 445 2495 consecutum
469 2419 599 2495 fatetur.
634 2443 706 2493 non
721 2418 809 2490 enim
827 2419 869 2491 ad
880 2415 1087 2491 iudiciorum
1108 2441 1110 2443 ’

71 2553 104 2608 39
120 2547 297 2627 certamen,
311 2531 365 2603 sed
379 2533 421 2604 ad
435 2532 644 2628 voluptatem
654 2530 781 2601 aurium
797 2526 983 2625 scripseran
994 2528 1084 2599 Haec
1111 2544 1114 2549 '

118 2637 263 2710 tranasse
289 2640 576 2738 Thrasymachum
598 2641 888 2728 chalcedonium,
915 2637 1084 2735 primum,

117 2764 152 2818 et
168 2748 369 2821 Leontinum
399 2750 511 2824 ferunt
535 2754 719 2850 Gorgiam:
754 2749 984 2824 Theodonun
1005 2748 1084 2822 inde

117 2857 325 2956 Byzantium,
335 2861 524 2958 multosque
539 2861 641 2950 alios,
668 2884 753 2959 quos
769 2868 1012 2954 ‘modwennae
1025 2883 1082 2953 ap-

116 2966 215 3062 pellat
227 2967 262 3038 in
275 2967 427 3041 Phaedro
438 2969 605 3042 Socrates:
625 2995 774 3067 quorum
787 2966 860 3039 satis
870 2988 986 3062 arguta
1000 2966 1082 3039 mul·

115 3093 175 3168 ta,
194 3078 250 3151 sed
267 3096 306 3152 ut
318 3081 424 3153 modo
439 3081 651 3178 primumque
670 3080 855 3167 nascentia,
877 3079 1028 3168 minuta,
1050 3094 1083 3150 et

40 3262 44 3270 x
116 3187 356 3268 versrculorum
373 3190 486 3263 similia
500 3193 687 3288 quaedam,
714 3193 920 3289 nimiumque
942 3192 1082 3289 depisha.

116 3293 199 3394 Quo
213 3299 317 3391 magis
340 3301 414 3373 sunt
435 3301 653 3388 Herodotus,
680 3301 964 3400 Thucydidesque
982 3303 1085 3375 mira·

114 3399 211 3473 biles:
239 3408 387 3500 quorum
406 3425 492 3483 aetas
510 3437 586 3483 cum
609 3413 644 3483 in
662 3436 782 3485 eorum
796 3427 974 3506 tempora,
995 3436 1082 3509 quos

113 3511 308 3603 nominavi,
320 3513 508 3608 incidisset,
535 3519 719 3617 longiffime
733 3544 843 3592 tamen
853 3517 912 3616 ipsi
927 3545 947 3592 a
963 3521 1081 3595 talibus

114 3619 263 3714 deliciis,
285 3624 341 3694 vel
355 3626 466 3720 potius
483 3628 614 3725 ineptiis
628 3629 812 3707 abfuerunt.
838 3631 922 3702 alter
934 3627 1078 3702 enimfi-

111 3732 241 3809 neullis
260 3734 391 3812 salebris
405 3733 496 3839 quast
513 3737 639 3816 sedatus
652 3740 758 3816 amnis
771 3738 859 3815 fluit:
887 3740 972 3841 aiter
991 3737 1087 3845 inci-h

892 3923 913 3960 θ’,
