2302 4304
146 281 220 375 u‘
315 215 933 390 ΙοΕΟκΑτοκὲ,

144 438 286 536 laboris,
310 467 410 542 quem
433 443 581 542 plerique
594 442 779 543 fugimus)
806 443 1109 542 quamplurimum

146 557 296 630 scribere.
346 561 449 628 Stilus
463 561 623 650 optimus,
649 557 959 659 etpraestantiffimus
985 563 1109 632 dicendi

144 669 264 766 effector
276 698 317 757 ‚ac
331 670 495 770 magister:
520 693 629 765 neque
643 667 770 742 iniuria.
784 695 861 742 nam
882 667 906 740 fi
919 665 1061 742 subitam
1074 689 1109 744 et

140 781 318 855 fortuitam
340 781 531 855 orationem
549 783 791 856 commentatio
815 801 849 856 et
871 783 1033 882 cogitatio
1057 782 1108 879 sa·

143 892 204 965 cile
220 892 353 979 vincit3
380 892 465 994 hanc
483 881 586 989 ipsa'm
605 890 760 990 profedo
772 888 893 967 affidua
915 919 954 966 ac
968 893 1108 993 diligens

84 1034 125 1087 πμ
142 1006 301 1106 scripnrra
319 1006 493 1103 superabit.
551 1008 690 1080 Omnes¹
707 1003 816 1099 enim,
854 1007 922 1083 slve
941 1007 1019 1080 attis
1033 1006 1108 1081 sunt

141 1119 230 1211 loci,
254 1120 323 1194 slve
340 1118 463 1218 ingenii
491 1118 658 1192 cuiusdam
687 1137 787 1218 atque
805 1119 1022 1217 prudentiae,
1048 1115 1106 1218 qui

29 1259 32 1264 ·
142 1229 248 1307 modo
261 1232 370 1305 insunt
389 1229 424 1304 in
438 1257 476 1304 ea
483 1253 547 1319 re,
572 1234 612 1305 de
626 1233 883 1330 (proscribimus,
906 1230 1107 1331 anquirenti-

141 1344 202 1419 bus
216 1341 333 1432 nobis,
356 1343 515 1441 omnique
528 1344 599 1417 acie
614 1343 738 1442 ingenii
752 1342 1053 1440 contemplantibus
1066 1367 1106 1416 o-

142 1451 336 1524 stenduntse
348 1477 383 1526 et
395 1471 600 1526 occurrunt:
627 1475 808 1553 omnesque
824 1451 1014 1539 sententiae,
1022 1475 1104 1524 ver·

142 1561 250 1664 baque
260 1561 397 1657 omnia,
422 1588 505 1664 quae
527 1551 602 1638 sunt
618 1564 776 1664 cuiusque
800 1562 928 1664 generis
956 1564 1103 1637 maxime

138 1669 299 1767 illustria,
323 1676 383 1750 sub
401 1697 541 1749 acumen
559 1674 621 1746 stili
646 1673 781 1749 subeant
802 1692 836 1748 et
860 1672 1104 1747 succedant'ne·

142 1786 226 1861 cesse
249 1788 320 1862 est:
343 1809 414 1862 tum
437 1785 506 1884 ipsa
525 1780 704 1863 collocatio
725 1786 1018 1886 conformatioque
1031 1813 1105 1864 ver*

142 1895 265 1979 borum
290 1900 461 1998 perficitur¹
489 1895 750 1988 inscribendo,
774 1925 845 1972 non
866 1898 1023 1996 poetic0‚
1049 1901 1108 1974 sed

61 2023 129 2081 ψ
143 2011 290 2108 quodam
318 2004 470 2085 oratorio
494 1998 635 2082 numero
665 2028 700 2082 et
721 2012 836 2084 modo.
897 2011 989 2083 Haec
1007 2011 1104 2104 sunt,

142 2147 228 2222 quae
253 2123 414 2200 clamores
436 2142 470 2197 et
491 2122 735 2204 admirationes,
750 2125 786 2196 in
805 2125 903 2198 bonis
916 2126 1105 2210 oratoribus

100 2301 101 2305 ,
143 2230 314 2326 efficiunt„
327 2256 438 2332 'neque
456 2257 494 2304 ea
507 2232 700 2330 quisquam,
723 2226 782 2305 nist
795 2234 869 2323 diu‚-
897 2234 1105 2332 multumque

90 2379 94 2386 ·
142 2343 352 2443 scriptitarit,
378 2343 477 2416 etiam
503 2339 824 2415 srvehementissnne
838 2341 871 2414 se
898 2338 937 2414 in
951 2341 1104 2416 hissubi⁴

142 2454 185 2528 tis
208 2454 406 2529 dictionibus
428 2451 636 2544 exercuerit,
661 2449 904 2549 consequenrr:
942 2453 1058 2550 etqui
1085 2477 1103 2526 a

142 2563 306 2638 scribendi
334 2559 572 2637 consuetudine
596 2563 637 2635 ad
664 2562 841 2653 dicendum
869 2564 984 2655 venit,
1017 2564 1102 2639 hanc

142 2672 239 2746 affert
255 2671 462 2761 facultatem,
486 2695 534 2759 ut,
554 2671 654 2742 etiam
668 2670 775 2744 subito
798 2672 823 2743 st
847 2672 959 2764 dicat,
989 2690 1103 2749 tamen

18 2780 22 2787 ’
140 2774 217 2871 illa,
240 2803 324 2877 quae
338 2777 513 2868 dicantur,
538 2777 652 2849 nmilia
667 2776 866 2876 scriptorum
884 2779 949 2853 effe
963 2782 1102 2855 videan-

141 2905 222 2960 tur:
248 2906 345 2984 atque
359 2885 483 2977 etiam,
510 2883 534 2958 fi
561 2887 694 2982 quando
721 2888 757 2960 in
777 2889 920 2965 dicendo
942 2890 1101 2989 scriptum

141 2997 287 3077 attulerit
337 2999 482 3098 aliquid,
520 3024 596 3087 cum
619 2997 660 3070 ab
684 3025 726 3072 eo
746 3000 923 3075 discesserit
938 3054 957 3093 ‚-
974 3004 1101 3104 reliqua

85 3124 128 3176 ¹53
142 3105 251 3182 similis
277 3109 387 3183 oratio
406 3107 635 3204 consequetur.
684 3106 733 3182 Ut
746 3110 914 3184 concitato
937 3112 1103 3211 navigio,

142 3244 219 3292 curn
232 3222 374 3320 remiges
391 3219 626 3322 inhibuerunt,
650 3220 770 3292 retinet
790 3241 902 3294 tamen
923 3219 992 3317 ipsa
1007 3221 1102 3299 navis

111 3394 115 3402 .
142 3352 273 3403 motum
300 3354 333 3434 et
355 3331 484 3406 cursum
503 3330 619 3419 suum,
645 3331 829 3405 intermisso
843 3335 970 3429 impetu
988 3304 1102 3428 pulsu*

141 3463 208 3539 que
220 3463 409 3517 remorum:
434 3443 478 3516 stc
493 3441 528 3515 in
543 3445 695 3517 oratione
705 3465 883 3541 perpetua,
906 3441 1101 3539 cumscrip-

141 3571 176 3627 ta
199 3549 379 3643 deficiunt,
416 3578 528 3651 parom
550 3574 660 3626 tamen
691 3551 820 3626 obtinet
838 3554 948 3627 oratio
975 3552 1101 3650 reliqua

50 3685 53 3691 ·
85 3671 129 3744 34
143 3664 272 3738 cursum
287 3715 299 3754 ,
325 3661 521 3761 scriptorum
535 3662 742 3735 similitudine
755 3664 788 3736 et
801 3665 837 3738 vi
851 3663 1026 3737 concitata.
1045 3680 1049 3747 J
1063 3667 1100 3734 ln

143 3771 341 3870 quondianis
368 3793 478 3846 amem
490 3771 743 3871 cogitationibus
756 3773 909 3869 equidem
922 3765 1100 3844 miltiade·

66 3998 115 4040 k,
