2302 4304
384 330 694 404 Baeton
945 356 1011 434 ης

54 515 140 566 nere
168 508 201 566 te
216 492 423 592 prudenter,
443 510 477 566 et
501 490 665 566 consolari
678 490 875 568 amicissime.
895 497 1016 586 Recte,
1036 521 1068 561 12

52 601 220 700 inquam,
237 602 284 675 est
310 603 408 678 visus.
430 629 507 675 nam
529 628 583 676 me
621 602 688 676 istis
718 603 801 676 scito
824 604 949 695 literis,
974 631 1018 677 ex
1054 609 1059 621 '

55 714 214 787 diutuma
230 704 477 813 perturbatione
507 716 609 789 totius
637 713 833 823 valetudinis
864 731 1020 811 tanquam

58 821 101 890 ad
120 823 362 920 adspiciendam
380 827 488 899 lucem
513 824 579 896 elle
591 835 808 898 revocatum.
836 825 946 922 Atque
964 841 1021 914 ut,

57 929 134 1025 post
156 933 362 1007 Cannensem
386 934 474 1007 illam
500 934 742 1024 calamitatem,
757 934 902 1030 primum
929 937 1022 1005 Ma't·

59 1039 132 1110 celli
171 1042 213 1112 ad
264 1044 387 1116 Nolam
422 1044 575 1140 proeli0‚
606 1042 749 1140 populus
783 1042 821 1114 'se
852 1045 1023 1116 Romanus

57 1145 197 1236 erexit,
226 1147 401 1248 posteaque
435 1148 614 1247 prosperae
646 1175 699 1223 res
723 1149 878 1246 deinceps
900 1148 1024 1221 multae

59 1254 254 1329 consecutae
273 1258 369 1330 sunt:
385 1260 428 1332 stc
446 1258 521 1356 post
541 1284 652 1331 rerum
673 1258 854 1331 nostrarum
877 1281 911 1332 et
924 1282 1022 1331 com·

59 1365 213 1439 munium
242 1365 452 1464 gravisstmos
486 1365 610 1455 casus,
637 1366 720 1438 nihil
745 1376 821 1440 ante
851 1365 1022 1464 epistolam

59 1475 250 1568 Bruti-milri
266 1477 407 1567 accidit,
429 1478 523 1574 quod
549 1477 696 1567 vellem,
716 1497 771 1551 aut
798 1477 890 1574 quod
915 1477 1023 1575 aliqua

58 1609 99 1656 ex
119 1603 214 1682 parte
236 1586 469 1662 sollicitudines
484 1587 639 1662 allevaret
664 1613 763 1661 meaa
775 1590 866 1660 Tum
879 1583 1023 1679 Brutus,
1043 1619 1071 1670 13
1102 1679 1104 1685 k

58 1698 163 1768 Volui
184 1698 220 1769 id
246 1698 382 1796 quidem
403 1699 532 1771 efficere
560 1716 671 1789 certe,
691 1716 725 1770 et
745 1699 844 1796 capio
868 1726 1024 1798 magnum

56 1807 221 1895 frustum,
244 1808 268 1879 st
291 1808 427 1906 quidem
452 1809 547 1907 quod
574 1809 669 1884 volui
681 1861 694 1896 ,
713 1828 805 1882 tanta
829 1810 918 1884 inre
943 1836 1025 1885 con·

56 1915 185 1990 secutus
214 1919 294 1992 sum.
320 1919 385 1989 Sed
417 1916 500 1991 scire
523 1918 649 2016 cupio,
675 1944 759 2019 quae
779 1943 812 1994 te
847 1922 950 1996 Attici
985 1921 1025 1994 li·
1104 1919 1106 1923 ⁴

56 2053 145 2103 tetae
178 2031 419 2106 deleslavetint.
457 2032 537 2106 Istae
566 2058 684 2119 vero,
711 2033 873 2130 inquam,
900 2016 1054 2107 ‘Brute’⁴

55 2166 127 2212 non
150 2142 257 2214 modo
275 2141 526 2215 delectationem
554 2142 657 2228 mihi,
677 2141 873 2232 sedetiam,
898 2160 936 2215 ut
948 2143 1024 2239 spe·

56 2273 123 2339 ro,
138 2249 273 2324 salutem
298 2251 487 2325 attulerunt.
513 2253 659 2324 Salutem
675 2250 812 2348 linquit
832 2240 896 2324 ille.
912 2252 1025 2349 quod-

57 2383 134 2429 nam
150 2358 285 2433 tandem
307 2384 409 2458 genus
435 2359 516 2432 istuc
537 2380 605 2432 tam
623 2358 829 2456 praeclarum
856 2359 1026 2434 literarum

55 2459 120 2534 suit
145 2460 159 2532 l
187 2463 242 2534 An
273 2463 357 2538 mihi
380 2465 519 2562 potuit,
545 2465 702 2564 inquam,
726 2466 791 2541 esse
817 2484 873 2540 aut
898 2468 1027 2570 gratior

54 2571 121 2645 ulla
154 2570 327 2660 salutatio,
347 2593 404 2648 aut
443 2577 486 2649 ad
516 2576 583 2648 hoc
616 2598 745 2674 tempus
772 2576 904 2674 aptior,
923 2605 1026 2677 quam

52 2677 141 2752 illius
179 2681 280 2773 libri,
297 2708 366 2782 quo
402 2708 457 2759 me
497 2686 552 2791 hic
575 2670 715 2778 affatius,
741 2687 830 2785 quafi
864 2688 1026 2765 iacentem

54 2792 251 2866 excitavit?
278 2796 368 2867 Turn
391 2795 475 2887 ille,
495 2800 627 2894 Nempe
654 2820 731 2871 eum
757 2799 860 2890 dicis,
879 2799 988 2898 inquit
1013 2833 1075 2892 ,14

53 2925 126 2998 quo
161 2899 221 2976 iste
251 2927 388 2979 omnem
418 2931 532 2982 rerum
553 2909 948 3000 memoriam-breviter,
970 2927 1025 3000 et,

54 3028 91 3082 ut
129 3009 214 3084 mihi
241 3010 380 3108 quidem
411 3013 520 3088 visum
553 3014 619 3106 est,
652 3017 887 3116 perdiligenter
927 3010 1027 3090 corn-
1065 3058 1096 3077 ι·
1126 3055 1132 3068 ..

52 3118 233 3215 plexus‘est
257 3120 271 3192 l
293 3119 394 3213 Istum
420 3123 552 3221 ipsum,
575 3125 733 3223 inquam,
747 3130 872 3214 Brute,
897 3126 1027 3206 dicoti-

53 3225 152 3298 brum
177 3228 262 3302 milri
288 3227 381 3301 saluti
411 3227 515 3305 fuisse.
553 3234 644 3309 Tum
677 3228 827 3321 Atticus,
855 3237 1072 3333 Optatiffiqa

52 3361 147 3410 mum
175 3339 259 3414 milri
277 3339 418 3437 quidem,
449 3339 496 3413 est
521 3343 615 3440 quod
634 3342 743 3416 dicis:
766 3343 828 3419 sed·
853 3346 935 3445 quid
952 3366 1027 3426 tan-
1052 3342 1068 3388 7

51 3444 131 3517 dem
155 3446 274 3520 habuit
300 3444 385 3519 liber
411 3445 496 3536 iste,
518 3450 613 3546 quod
637 3449 699 3522 tibi
726 3472 781 3526 aut
808 3460 955 3545 novum,
969 3473 1026 3526 aut

51 3573 147 3630 tanto
168 3558 241 3631 usui
262 3557 370 3655 posset
393 3559 457 3632 esse
474 3559 489 3631 l
508 3560 567 3632 Ille
588 3584 673 3634 veto
690 3584 723 3639 et
744 3588 857 3657 nova,
876 3567 1024 3663 inquam,
1037 3562 1077 3650 ‘n

49 3667 135 3745 mihi
158 3668 294 3767 quidem
322 3672 446 3762 multa,
475 3696 516 3745 et
535 3697 606 3743 eam
636 3673 830 3766 utilitatem,
851 3700 950 3773 quam
971 3701 1034 3748 rev·

49 3776 248 3877 qudrebam,
275 3796 337 3878 ut,
357 3781 525 3883 explicatis
543 3781 716 3859 ordinibus
731 3773 1033 3960 tepponnnfflno
