<?xml version="1.0" encoding="UTF-8"?>
<!DOCTYPE html PUBLIC "-//W3C//DTD XHTML 1.0 Transitional//EN"
    "http://www.w3.org/TR/xhtml1/DTD/xhtml1-transitional.dtd">
<html xmlns="http://www.w3.org/1999/xhtml" xml:lang="en" lang="en">
 <head>
  <title>
</title>
<meta http-equiv="Content-Type" content="text/html;charset=utf-8" />
  <meta name='ocr-system' content='tesseract 3.04.00' />
  <meta name='ocr-capabilities' content='ocr_page ocr_carea ocr_par ocr_line ocrx_word'/>
</head>
<body>
  <div class='ocr_page' id='page_1' title='image "./mtulliiciceroni00plutgoog_0075.png"; bbox 0 0 2302 4304; ppageno 0'>
   <div class='ocr_carea' id='block_1_1' title="bbox 154 232 894 395">
    <p class='ocr_par' dir='ltr' id='par_1_1' title="bbox 154 232 894 395">
     <span class='ocr_line' id='line_1_1' title="bbox 154 232 894 395; baseline -0.001 -44"><span class='ocrx_word' id='word_1_1' title='bbox 154 278 222 395; x_wconf 18' lang='lat' dir='ltr'>m·</span> <span class='ocrx_word' id='word_1_2' title='bbox 384 232 894 359; x_wconf 73' lang='lat' dir='ltr'>oroinrott</span> 
     </span>
    </p>
   </div>
   <div class='ocr_carea' id='block_1_2' title="bbox 25 437 1145 3856">
    <p class='ocr_par' dir='ltr' id='par_1_2' title="bbox 45 437 1145 1194">
     <span class='ocr_line' id='line_1_2' title="bbox 116 437 1114 543; baseline 0.009 -33"><span class='ocrx_word' id='word_1_3' title='bbox 116 527 118 533; x_wconf 21' lang='grc' dir='ltr'>Ι</span> <span class='ocrx_word' id='word_1_4' title='bbox 154 439 186 511; x_wconf 89' lang='lat' dir='ltr'>se</span> <span class='ocrx_word' id='word_1_5' title='bbox 208 437 273 511; x_wconf 82' lang='lat' dir='ltr'>elle</span> <span class='ocrx_word' id='word_1_6' title='bbox 289 462 390 528; x_wconf 88' lang='lat' dir='ltr'>eum,</span> <span class='ocrx_word' id='word_1_7' title='bbox 427 438 514 511; x_wconf 89' lang='lat' dir='ltr'>unde</span> <span class='ocrx_word' id='word_1_8' title='bbox 536 437 619 529; x_wconf 84' lang='lat' dir='ltr'>fibi,</span> <span class='ocrx_word' id='word_1_9' title='bbox 653 438 772 512; x_wconf 87' lang='lat' dir='ltr'>stnon</span> <span class='ocrx_word' id='word_1_10' title='bbox 794 441 910 538; x_wconf 92' lang='lat' dir='ltr'>populi</span> <span class='ocrx_word' id='word_1_11' title='bbox 933 463 967 516; x_wconf 84' lang='lat' dir='ltr'>et</span> <span class='ocrx_word' id='word_1_12' title='bbox 987 460 1114 543; x_wconf 71' lang='lat' dir='ltr'>te&#39;ge‘s,</span> 
     </span>
     <span class='ocr_line' id='line_1_3' title="bbox 45 546 906 645; baseline 0.003 -26"><span class='ocrx_word' id='word_1_13' title='bbox 45 632 47 637; x_wconf 22' lang='lat'><strong>¹</strong></span> <span class='ocrx_word' id='word_1_14' title='bbox 153 568 187 621; x_wconf 87' lang='lat' dir='ltr'>at</span> <span class='ocrx_word' id='word_1_15' title='bbox 212 572 329 620; x_wconf 87' lang='lat' dir='ltr'>omnes</span> <span class='ocrx_word' id='word_1_16' title='bbox 343 546 404 619; x_wconf 51' lang='lat' dir='ltr'>sui¹</span> <span class='ocrx_word' id='word_1_17' title='bbox 418 547 510 618; x_wconf 86' lang='lat' dir='ltr'>cives</span> <span class='ocrx_word' id='word_1_18' title='bbox 532 547 703 619; x_wconf 77' lang='lat' dir='ltr'>consilium</span> <span class='ocrx_word' id='word_1_19' title='bbox 726 568 906 645; x_wconf 84' lang='lat' dir='ltr'>expetant,</span> 
     </span>
     <span class='ocr_line' id='line_1_4' title="bbox 200 659 1014 751; baseline -0.005 -23"><span class='ocrx_word' id='word_1_20' title='bbox 200 662 338 728; x_wconf 82' lang='lat' dir='ltr'>Suatum</span> <span class='ocrx_word' id='word_1_21' title='bbox 361 683 458 726; x_wconf 82' lang='lat' dir='ltr'>rerum</span> <span class='ocrx_word' id='word_1_22' title='bbox 480 659 610 726; x_wconf 77' lang='lat' dir='ltr'>incerti:</span> <span class='ocrx_word' id='word_1_23' title='bbox 636 681 714 748; x_wconf 84' lang='lat' dir='ltr'>quos</span> <span class='ocrx_word' id='word_1_24' title='bbox 738 683 791 751; x_wconf 83' lang='lat' dir='ltr'>ego</span> <span class='ocrx_word' id='word_1_25' title='bbox 805 684 872 726; x_wconf 81' lang='lat' dir='ltr'>mea</span> <span class='ocrx_word' id='word_1_26' title='bbox 896 683 950 749; x_wconf 83' lang='lat' dir='ltr'>ope</span> <span class='ocrx_word' id='word_1_27' title='bbox 972 682 1014 725; x_wconf 81' lang='lat' dir='ltr'>ex</span> 
     </span>
     <span class='ocr_line' id='line_1_5' title="bbox 199 766 826 864; baseline 0 -28"><span class='ocrx_word' id='word_1_28' title='bbox 199 769 330 837; x_wconf 76' lang='lat' dir='ltr'><em>Incertis</em></span> <span class='ocrx_word' id='word_1_29' title='bbox 354 789 474 855; x_wconf 79' lang='lat' dir='ltr'>certos,</span> <span class='ocrx_word' id='word_1_30' title='bbox 499 767 703 858; x_wconf 80' lang='lat' dir='ltr'>compotesque</span> <span class='ocrx_word' id='word_1_31' title='bbox 720 766 826 864; x_wconf 79' lang='lat' dir='ltr'>consili</span> 
     </span>
     <span class='ocr_line' id='line_1_6' title="bbox 198 882 1138 964; baseline 0.002 -15"><span class='ocrx_word' id='word_1_32' title='bbox 198 883 363 964; x_wconf 78' lang='lat' dir='ltr'>Dimitto,</span> <span class='ocrx_word' id='word_1_33' title='bbox 386 903 535 950; x_wconf 75' lang='lat' dir='ltr'>uiueres</span> <span class='ocrx_word' id='word_1_34' title='bbox 558 903 661 951; x_wconf 83' lang='lat' dir='ltr'>temere</span> <span class='ocrx_word' id='word_1_35' title='bbox 680 882 809 950; x_wconf 65' lang='lat' dir='ltr'>tradent</span> <span class='ocrx_word' id='word_1_36' title='bbox 836 883 986 963; x_wconf 84' lang='lat' dir='ltr'>turbidas.</span> <span class='ocrx_word' id='word_1_37' title='bbox 1062 942 1070 959; x_wconf 84' lang='grc'><strong>.</strong></span> <span class='ocrx_word' id='word_1_38' title='bbox 1134 950 1138 961; x_wconf 87' lang='grc'>,</span> 
     </span>
     <span class='ocr_line' id='line_1_7' title="bbox 89 989 1145 1068; baseline 0.009 -10"><span class='ocrx_word' id='word_1_39' title='bbox 89 1018 137 1058; x_wconf 78' lang='grc' dir='ltr'>ιοο</span> <span class='ocrx_word' id='word_1_40' title='bbox 150 989 205 1063; x_wconf 75' lang='lat' dir='ltr'>Est</span> <span class='ocrx_word' id='word_1_41' title='bbox 222 991 309 1065; x_wconf 90' lang='lat' dir='ltr'>enim</span> <span class='ocrx_word' id='word_1_42' title='bbox 325 989 393 1061; x_wconf 85' lang='lat' dir='ltr'>fine</span> <span class='ocrx_word' id='word_1_43' title='bbox 411 989 512 1061; x_wconf 90' lang='lat' dir='ltr'>dubio</span> <span class='ocrx_word' id='word_1_44' title='bbox 527 991 645 1061; x_wconf 88' lang='lat' dir='ltr'>domus</span> <span class='ocrx_word' id='word_1_45' title='bbox 668 990 886 1064; x_wconf 81' lang='lat' dir='ltr'>iurisconstdti</span> <span class='ocrx_word' id='word_1_46' title='bbox 908 992 1010 1066; x_wconf 92' lang='lat' dir='ltr'>totius</span> <span class='ocrx_word' id='word_1_47' title='bbox 1029 1018 1111 1068; x_wconf 82' lang='lat' dir='ltr'>ora·</span> <span class='ocrx_word' id='word_1_48' title='bbox 1142 1015 1145 1020; x_wconf 89' lang='grc'><strong><em>·</em></strong></span> 
     </span>
     <span class='ocr_line' id='line_1_8' title="bbox 90 1099 1110 1194; baseline 0.005 -20"><span class='ocrx_word' id='word_1_49' title='bbox 90 1135 93 1141; x_wconf 95' lang='grc'><strong><em>·</em></strong></span> <span class='ocrx_word' id='word_1_50' title='bbox 149 1102 257 1175; x_wconf 90' lang='lat' dir='ltr'>culum</span> <span class='ocrx_word' id='word_1_51' title='bbox 282 1101 434 1174; x_wconf 90' lang='lat' dir='ltr'>civitatis.</span> <span class='ocrx_word' id='word_1_52' title='bbox 482 1099 588 1174; x_wconf 87' lang='lat' dir='ltr'>Testis</span> <span class='ocrx_word' id='word_1_53' title='bbox 613 1101 660 1172; x_wconf 83' lang='lat' dir='ltr'>&#39;est</span> <span class='ocrx_word' id='word_1_54' title='bbox 673 1101 809 1181; x_wconf 85' lang='lat' dir='ltr'>huiusce</span> <span class='ocrx_word' id='word_1_55' title='bbox 829 1104 873 1194; x_wconf 87' lang='lat' dir='ltr'>Q.</span> <span class='ocrx_word' id='word_1_56' title='bbox 892 1104 998 1175; x_wconf 87' lang='lat' dir='ltr'><em>Mucii</em></span> <span class='ocrx_word' id='word_1_57' title='bbox 1011 1103 1110 1179; x_wconf 80' lang='lat' dir='ltr'>ianua</span> 
     </span>
    </p>

    <p class='ocr_par' dir='ltr' id='par_1_3' title="bbox 109 1211 1109 1311">
     <span class='ocr_line' id='line_1_9' title="bbox 109 1211 1109 1311; baseline 0.003 -24"><span class='ocrx_word' id='word_1_58' title='bbox 109 1259 115 1273; x_wconf 54' lang='grc' dir='ltr'><em>ι</em></span> <span class='ocrx_word' id='word_1_59' title='bbox 149 1233 183 1287; x_wconf 86' lang='lat' dir='ltr'>et</span> <span class='ocrx_word' id='word_1_60' title='bbox 196 1212 405 1308; x_wconf 70' lang='lat' dir='ltr'>vestibulum,</span> <span class='ocrx_word' id='word_1_61' title='bbox 417 1212 509 1311; x_wconf 86' lang='lat' dir='ltr'>quod</span> <span class='ocrx_word' id='word_1_62' title='bbox 522 1213 557 1284; x_wconf 90' lang='lat' dir='ltr'>in</span> <span class='ocrx_word' id='word_1_63' title='bbox 575 1213 644 1286; x_wconf 91' lang='lat' dir='ltr'>eius</span> <span class='ocrx_word' id='word_1_64' title='bbox 663 1211 878 1293; x_wconf 79' lang='lat' dir='ltr'>infirmissima</span> <span class='ocrx_word' id='word_1_65' title='bbox 899 1214 1109 1308; x_wconf 88' lang='lat' dir='ltr'>valetudine,</span> 
     </span>
    </p>

    <p class='ocr_par' dir='ltr' id='par_1_4' title="bbox 118 1316 1109 1633">
     <span class='ocr_line' id='line_1_10' title="bbox 118 1316 1107 1426; baseline 0.006 -30"><span class='ocrx_word' id='word_1_66' title='bbox 118 1340 120 1348; x_wconf 82' lang='grc'>’</span> <span class='ocrx_word' id='word_1_67' title='bbox 149 1323 328 1422; x_wconf 71' lang='lat' dir='ltr'>asseclaque</span> <span class='ocrx_word' id='word_1_68' title='bbox 350 1323 415 1396; x_wconf 91' lang='lat' dir='ltr'>iam</span> <span class='ocrx_word' id='word_1_69' title='bbox 430 1341 558 1426; x_wconf 83' lang='lat' dir='ltr'>aetate,</span> <span class='ocrx_word' id='word_1_70' title='bbox 588 1323 732 1396; x_wconf 85' lang='lat' dir='ltr'>maxima</span> <span class='ocrx_word' id='word_1_71' title='bbox 750 1323 899 1422; x_wconf 83' lang='lat' dir='ltr'>quotidie</span> <span class='ocrx_word' id='word_1_72' title='bbox 921 1316 1107 1424; x_wconf 80' lang='lat' dir='ltr'>frequentia</span> 
     </span>
     <span class='ocr_line' id='line_1_11' title="bbox 149 1430 1109 1530; baseline 0.001 -21"><span class='ocrx_word' id='word_1_73' title='bbox 149 1430 297 1523; x_wconf 89' lang='lat' dir='ltr'>civium,</span> <span class='ocrx_word' id='word_1_74' title='bbox 323 1461 361 1509; x_wconf 90' lang='lat' dir='ltr'>ac</span> <span class='ocrx_word' id='word_1_75' title='bbox 387 1434 591 1508; x_wconf 88' lang='lat' dir='ltr'>summorum</span> <span class='ocrx_word' id='word_1_76' title='bbox 618 1433 793 1506; x_wconf 88' lang='lat' dir='ltr'>hominum</span> <span class='ocrx_word' id='word_1_77' title='bbox 816 1430 990 1530; x_wconf 88' lang='lat' dir='ltr'>splendore</span> <span class='ocrx_word' id='word_1_78' title='bbox 1025 1437 1109 1510; x_wconf 58' lang='lat' dir='ltr'>cele*</span> 
     </span>
     <span class='ocr_line' id='line_1_12' title="bbox 148 1544 490 1633; baseline 0.015 -18"><span class='ocrx_word' id='word_1_79' title='bbox 148 1544 271 1617; x_wconf 88' lang='lat' dir='ltr'>bratur.</span> <span class='ocrx_word' id='word_1_80' title='bbox 484 1623 490 1633; x_wconf 80' lang='grc'><em>,</em></span> 
     </span>
    </p>

    <p class='ocr_par' dir='ltr' id='par_1_5' title="bbox 87 1651 1108 1755">
     <span class='ocr_line' id='line_1_13' title="bbox 87 1651 1108 1755; baseline 0.005 -27"><span class='ocrx_word' id='word_1_81' title='bbox 87 1658 134 1748; x_wconf 87' lang='lat'>46</span> <span class='ocrx_word' id='word_1_82' title='bbox 196 1659 264 1728; x_wconf 88' lang='lat' dir='ltr'>Iam</span> <span class='ocrx_word' id='word_1_83' title='bbox 278 1679 363 1731; x_wconf 87' lang='lat' dir='ltr'>vero</span> <span class='ocrx_word' id='word_1_84' title='bbox 377 1653 429 1741; x_wconf 83' lang='lat' dir='ltr'>illa</span> <span class='ocrx_word' id='word_1_85' title='bbox 447 1678 518 1728; x_wconf 90' lang='lat' dir='ltr'>non</span> <span class='ocrx_word' id='word_1_86' title='bbox 537 1653 672 1753; x_wconf 86' lang='lat' dir='ltr'>longam</span> <span class='ocrx_word' id='word_1_87' title='bbox 685 1655 873 1729; x_wconf 84' lang='lat' dir='ltr'>orationem</span> <span class='ocrx_word' id='word_1_88' title='bbox 899 1651 1108 1755; x_wconf 73' lang='lat' dir='ltr'>desiderant,</span> 
     </span>
    </p>

    <p class='ocr_par' dir='ltr' id='par_1_6' title="bbox 86 1757 1145 2644">
     <span class='ocr_line' id='line_1_14' title="bbox 86 1757 1110 1869; baseline 0.003 -32"><span class='ocrx_word' id='word_1_89' title='bbox 86 1793 131 1828; x_wconf 86' lang='lat'>201</span> <span class='ocrx_word' id='word_1_90' title='bbox 147 1765 365 1864; x_wconf 89' lang='lat' dir='ltr'>quamobrem</span> <span class='ocrx_word' id='word_1_91' title='bbox 379 1764 561 1839; x_wconf 84' lang='lat' dir='ltr'>existimem</span> <span class='ocrx_word' id='word_1_92' title='bbox 579 1757 719 1862; x_wconf 89' lang='lat' dir='ltr'>publica</span> <span class='ocrx_word' id='word_1_93' title='bbox 740 1791 875 1866; x_wconf 88' lang='lat' dir='ltr'>quoque</span> <span class='ocrx_word' id='word_1_94' title='bbox 886 1767 957 1840; x_wconf 90' lang='lat' dir='ltr'>iura</span> <span class='ocrx_word' id='word_1_95' title='bbox 969 1822 983 1860; x_wconf 87' lang='lat'>,</span> <span class='ocrx_word' id='word_1_96' title='bbox 996 1779 1007 1831; x_wconf 86' lang='grc'>.’</span> <span class='ocrx_word' id='word_1_97' title='bbox 1020 1770 1110 1869; x_wconf 84' lang='lat' dir='ltr'>quae&#39;¹</span> 
     </span>
     <span class='ocr_line' id='line_1_15' title="bbox 146 1874 1145 1978; baseline 0.001 -26"><span class='ocrx_word' id='word_1_98' title='bbox 146 1879 524 1978; x_wconf 85' lang='lat' dir='ltr'>suntpropriacivitatis</span> <span class='ocrx_word' id='word_1_99' title='bbox 537 1897 636 1978; x_wconf 88' lang='lat' dir='ltr'>atque</span> <span class='ocrx_word' id='word_1_100' title='bbox 650 1877 802 1974; x_wconf 90' lang='lat' dir='ltr'>imperii,</span> <span class='ocrx_word' id='word_1_101' title='bbox 825 1898 896 1951; x_wconf 91' lang='lat' dir='ltr'>tum</span> <span class='ocrx_word' id='word_1_102' title='bbox 910 1874 1112 1953; x_wconf 54' lang='lat' dir='ltr'>monumen?</span> <span class='ocrx_word' id='word_1_103' title='bbox 1141 1912 1145 1943; x_wconf 72' lang='grc' dir='ltr'><em>ι</em></span> 
     </span>
     <span class='ocr_line' id='line_1_16' title="bbox 145 1987 1104 2090; baseline -0.001 -25"><span class='ocrx_word' id='word_1_104' title='bbox 145 2014 178 2065; x_wconf 88' lang='lat' dir='ltr'>ta</span> <span class='ocrx_word' id='word_1_105' title='bbox 192 2018 303 2066; x_wconf 88' lang='lat' dir='ltr'>terum</span> <span class='ocrx_word' id='word_1_106' title='bbox 331 1990 514 2090; x_wconf 85' lang='lat' dir='ltr'>gestarum,</span> <span class='ocrx_word' id='word_1_107' title='bbox 539 2015 572 2063; x_wconf 85' lang='lat' dir='ltr'>et</span> <span class='ocrx_word' id='word_1_108' title='bbox 597 1987 766 2064; x_wconf 86' lang='lat' dir='ltr'>vetustatis</span> <span class='ocrx_word' id='word_1_109' title='bbox 785 1991 960 2087; x_wconf 81' lang='lat' dir='ltr'>exempla,</span> <span class='ocrx_word' id='word_1_110' title='bbox 984 2013 1104 2066; x_wconf 89' lang='lat' dir='ltr'>orato·</span> 
     </span>
     <span class='ocr_line' id='line_1_17' title="bbox 143 2099 1132 2215; baseline -0.005 -39"><span class='ocrx_word' id='word_1_111' title='bbox 143 2103 174 2176; x_wconf 92' lang='lat' dir='ltr'>ri</span> <span class='ocrx_word' id='word_1_112' title='bbox 194 2122 275 2177; x_wconf 89' lang='lat' dir='ltr'>nota</span> <span class='ocrx_word' id='word_1_113' title='bbox 289 2103 353 2175; x_wconf 85' lang='lat' dir='ltr'>elle</span> <span class='ocrx_word' id='word_1_114' title='bbox 367 2103 496 2175; x_wconf 86' lang='lat' dir='ltr'>debere.</span> <span class='ocrx_word' id='word_1_115' title='bbox 544 2101 631 2171; x_wconf 91' lang='lat' dir='ltr'>Nam</span> <span class='ocrx_word' id='word_1_116' title='bbox 651 2122 688 2173; x_wconf 94' lang='lat' dir='ltr'>ut</span> <span class='ocrx_word' id='word_1_117' title='bbox 709 2099 743 2171; x_wconf 90' lang='lat' dir='ltr'>in</span> <span class='ocrx_word' id='word_1_118' title='bbox 765 2124 876 2172; x_wconf 88' lang='lat' dir='ltr'>terum</span> <span class='ocrx_word' id='word_1_119' title='bbox 897 2100 1132 2215; x_wconf 61' lang='lat' dir='ltr'>privatarum</span> 
     </span>
     <span class='ocr_line' id='line_1_18' title="bbox 143 2212 1103 2314; baseline -0.002 -24"><span class='ocrx_word' id='word_1_120' title='bbox 143 2212 244 2290; x_wconf 77' lang='lat' dir='ltr'>causis</span> <span class='ocrx_word' id='word_1_121' title='bbox 258 2234 356 2314; x_wconf 89' lang='lat' dir='ltr'>atque</span> <span class='ocrx_word' id='word_1_122' title='bbox 369 2213 498 2286; x_wconf 89' lang='lat' dir='ltr'>iudiciis</span> <span class='ocrx_word' id='word_1_123' title='bbox 523 2212 749 2310; x_wconf 88' lang='lat' dir='ltr'>depromenda</span> <span class='ocrx_word' id='word_1_124' title='bbox 764 2212 858 2309; x_wconf 86' lang='lat' dir='ltr'>saepe</span> <span class='ocrx_word' id='word_1_125' title='bbox 871 2212 987 2290; x_wconf 89' lang='lat' dir='ltr'>oratio</span> <span class='ocrx_word' id='word_1_126' title='bbox 1000 2212 1048 2286; x_wconf 85' lang='lat' dir='ltr'>est</span> <span class='ocrx_word' id='word_1_127' title='bbox 1060 2238 1103 2288; x_wconf 83' lang='lat' dir='ltr'>ex</span> 
     </span>
     <span class='ocr_line' id='line_1_19' title="bbox 143 2316 1101 2414; baseline -0.006 -12"><span class='ocrx_word' id='word_1_128' title='bbox 143 2327 337 2414; x_wconf 86' lang='lat' dir='ltr'>iurecivili,</span> <span class='ocrx_word' id='word_1_129' title='bbox 365 2344 400 2399; x_wconf 91' lang='lat' dir='ltr'>et</span> <span class='ocrx_word' id='word_1_130' title='bbox 430 2316 586 2411; x_wconf 78' lang='lat' dir='ltr'>idcirco,</span> <span class='ocrx_word' id='word_1_131' title='bbox 604 2341 640 2394; x_wconf 90' lang='lat' dir='ltr'>ut</span> <span class='ocrx_word' id='word_1_132' title='bbox 668 2344 743 2395; x_wconf 91' lang='lat' dir='ltr'>ante</span> <span class='ocrx_word' id='word_1_133' title='bbox 772 2318 936 2411; x_wconf 87' lang='lat' dir='ltr'>diximus,</span> <span class='ocrx_word' id='word_1_134' title='bbox 968 2323 1101 2396; x_wconf 87' lang='lat' dir='ltr'>oratori</span> 
     </span>
     <span class='ocr_line' id='line_1_20' title="bbox 142 2432 1102 2521; baseline 0.001 -11"><span class='ocrx_word' id='word_1_135' title='bbox 142 2439 222 2514; x_wconf 90' lang='lat' dir='ltr'>iuris</span> <span class='ocrx_word' id='word_1_136' title='bbox 251 2439 357 2515; x_wconf 87' lang='lat' dir='ltr'>civilis</span> <span class='ocrx_word' id='word_1_137' title='bbox 384 2436 517 2511; x_wconf 88' lang='lat' dir='ltr'>scientia</span> <span class='ocrx_word' id='word_1_138' title='bbox 537 2434 725 2509; x_wconf 79' lang='lat' dir='ltr'>necessaria</span> <span class='ocrx_word' id='word_1_139' title='bbox 755 2434 802 2509; x_wconf 86' lang='lat' dir='ltr'>est</span> <span class='ocrx_word' id='word_1_140' title='bbox 829 2461 839 2506; x_wconf 78' lang='lat' dir='ltr'>t</span> <span class='ocrx_word' id='word_1_141' title='bbox 863 2433 907 2521; x_wconf 80' lang='lat' dir='ltr'>sic</span> <span class='ocrx_word' id='word_1_142' title='bbox 932 2437 968 2507; x_wconf 90' lang='lat' dir='ltr'>in</span> <span class='ocrx_word' id='word_1_143' title='bbox 985 2432 1102 2511; x_wconf 75' lang='lat' dir='ltr'>&#39;caulis</span> 
     </span>
     <span class='ocr_line' id='line_1_21' title="bbox 142 2538 1102 2644; baseline 0.004 -28"><span class='ocrx_word' id='word_1_144' title='bbox 142 2547 281 2644; x_wconf 85' lang='lat' dir='ltr'>publicis</span> <span class='ocrx_word' id='word_1_145' title='bbox 303 2543 523 2631; x_wconf 89' lang='lat' dir='ltr'>iudiciorum,</span> <span class='ocrx_word' id='word_1_146' title='bbox 557 2540 781 2630; x_wconf 89' lang='lat' dir='ltr'>concionum,</span> <span class='ocrx_word' id='word_1_147' title='bbox 806 2538 956 2629; x_wconf 80' lang='lat' dir='ltr'>lenanu,</span> <span class='ocrx_word' id='word_1_148' title='bbox 991 2543 1102 2621; x_wconf 80' lang='lat' dir='ltr'>omnis</span> 
     </span>
    </p>

    <p class='ocr_par' dir='ltr' id='par_1_7' title="bbox 111 2647 1102 2864">
     <span class='ocr_line' id='line_1_22' title="bbox 111 2647 1102 2774; baseline 0.003 -47"><span class='ocrx_word' id='word_1_149' title='bbox 111 2701 118 2715; x_wconf 91' lang='lat'><strong>·</strong></span> <span class='ocrx_word' id='word_1_150' title='bbox 142 2656 224 2730; x_wconf 86' lang='lat' dir='ltr'>haec</span> <span class='ocrx_word' id='word_1_151' title='bbox 238 2678 271 2729; x_wconf 88' lang='lat' dir='ltr'>et</span> <span class='ocrx_word' id='word_1_152' title='bbox 269 2655 484 2755; x_wconf 83' lang='lat' dir='ltr'>antiquitatis</span> <span class='ocrx_word' id='word_1_153' title='bbox 497 2649 671 2740; x_wconf 88' lang='lat' dir='ltr'>memoria,</span> <span class='ocrx_word' id='word_1_154' title='bbox 686 2666 719 2721; x_wconf 86' lang='lat' dir='ltr'>et</span> <span class='ocrx_word' id='word_1_155' title='bbox 732 2647 876 2774; x_wconf 87' lang='lat' dir='ltr'>publici</span> <span class='ocrx_word' id='word_1_156' title='bbox 867 2652 946 2724; x_wconf 82' lang='lat' dir='ltr'>tutis</span> <span class='ocrx_word' id='word_1_157' title='bbox 960 2656 1102 2730; x_wconf 70' lang='lat' dir='ltr'>auslori-</span> 
     </span>
     <span class='ocr_line' id='line_1_23' title="bbox 143 2759 1101 2864; baseline -0.001 -22"><span class='ocrx_word' id='word_1_158' title='bbox 143 2787 216 2856; x_wconf 88' lang='lat' dir='ltr'>tas,</span> <span class='ocrx_word' id='word_1_159' title='bbox 241 2785 273 2840; x_wconf 91' lang='lat' dir='ltr'>et</span> <span class='ocrx_word' id='word_1_160' title='bbox 295 2764 456 2864; x_wconf 87' lang='lat' dir='ltr'>regendae</span> <span class='ocrx_word' id='word_1_161' title='bbox 468 2760 665 2857; x_wconf 81' lang='lat' dir='ltr'>reipublicae</span> <span class='ocrx_word' id='word_1_162' title='bbox 681 2759 768 2831; x_wconf 82' lang='lat' dir='ltr'>ratio</span> <span class='ocrx_word' id='word_1_163' title='bbox 797 2784 835 2831; x_wconf 87' lang='lat' dir='ltr'>ac</span> <span class='ocrx_word' id='word_1_164' title='bbox 849 2759 997 2855; x_wconf 89' lang='lat' dir='ltr'>scientia,</span> <span class='ocrx_word' id='word_1_165' title='bbox 1023 2790 1101 2840; x_wconf 90' lang='lat' dir='ltr'>tan·</span> 
     </span>
    </p>

    <p class='ocr_par' dir='ltr' id='par_1_8' title="bbox 25 2860 1126 3187">
     <span class='ocr_line' id='line_1_24' title="bbox 25 2860 1101 2972; baseline 0.003 -25"><span class='ocrx_word' id='word_1_166' title='bbox 25 2954 27 2961; x_wconf 42' lang='grc'>,</span> <span class='ocrx_word' id='word_1_167' title='bbox 140 2900 241 2972; x_wconf 87' lang='lat' dir='ltr'>quam</span> <span class='ocrx_word' id='word_1_168' title='bbox 259 2872 366 2970; x_wconf 88' lang='lat' dir='ltr'>aliqua</span> <span class='ocrx_word' id='word_1_169' title='bbox 382 2869 552 2956; x_wconf 74' lang='lat' dir='ltr'>materieS,</span> <span class='ocrx_word' id='word_1_170' title='bbox 569 2866 609 2940; x_wconf 90' lang='lat' dir='ltr'>iis</span> <span class='ocrx_word' id='word_1_171' title='bbox 621 2860 819 2940; x_wconf 87' lang='lat' dir='ltr'>oratoribus</span> <span class='ocrx_word' id='word_1_172' title='bbox 833 2921 844 2957; x_wconf 85' lang='lat'>,</span> <span class='ocrx_word' id='word_1_173' title='bbox 857 2894 914 2966; x_wconf 88' lang='lat' dir='ltr'>qut</span> <span class='ocrx_word' id='word_1_174' title='bbox 903 2870 1101 2950; x_wconf 81' lang='lat' dir='ltr'>versantur</span> 
     </span>
     <span class='ocr_line' id='line_1_25' title="bbox 80 2966 1101 3083; baseline 0.006 -30"><span class='ocrx_word' id='word_1_175' title='bbox 80 3017 128 3054; x_wconf 86' lang='lat'>202</span> <span class='ocrx_word' id='word_1_176' title='bbox 141 2982 177 3056; x_wconf 90' lang='lat' dir='ltr'>in</span> <span class='ocrx_word' id='word_1_177' title='bbox 190 2983 378 3083; x_wconf 85' lang='lat' dir='ltr'>republica,</span> <span class='ocrx_word' id='word_1_178' title='bbox 404 2979 543 3053; x_wconf 72' lang='lat' dir='ltr'>subiedla</span> <span class='ocrx_word' id='word_1_179' title='bbox 556 2976 619 3050; x_wconf 83' lang='lat' dir='ltr'>elle</span> <span class='ocrx_word' id='word_1_180' title='bbox 633 2966 761 3050; x_wconf 86' lang='lat' dir='ltr'>debent.</span> <span class='ocrx_word' id='word_1_181' title='bbox 811 2978 891 3052; x_wconf 90' lang='lat' dir='ltr'>Non</span> <span class='ocrx_word' id='word_1_182' title='bbox 910 2982 999 3054; x_wconf 90' lang='lat' dir='ltr'>enim</span> <span class='ocrx_word' id='word_1_183' title='bbox 1017 3009 1101 3059; x_wconf 86' lang='lat' dir='ltr'>cau·</span> 
     </span>
     <span class='ocr_line' id='line_1_26' title="bbox 139 3088 1126 3213; baseline 0.005 -51"><span class='ocrx_word' id='word_1_184' title='bbox 139 3091 276 3166; x_wconf 85' lang='lat' dir='ltr'>fidicum</span> <span class='ocrx_word' id='word_1_185' title='bbox 299 3089 547 3187; x_wconf 82' lang='lat' dir='ltr'>nescioquem,</span> <span class='ocrx_word' id='word_1_186' title='bbox 571 3110 677 3184; x_wconf 86' lang='lat' dir='ltr'>neque</span> <span class='ocrx_word' id='word_1_187' title='bbox 704 3088 1007 3213; x_wconf 84' lang='lat' dir='ltr'>proclamatorem,</span> <span class='ocrx_word' id='word_1_188' title='bbox 1042 3113 1126 3171; x_wconf 68' lang='lat' dir='ltr'>aut¹</span> 
     </span>
    </p>

    <p class='ocr_par' dir='ltr' id='par_1_9' title="bbox 139 3196 1101 3295">
     <span class='ocr_line' id='line_1_27' title="bbox 139 3196 1101 3295; baseline 0.001 -20"><span class='ocrx_word' id='word_1_189' title='bbox 139 3204 286 3276; x_wconf 87' lang='lat' dir='ltr'>rabulam</span> <span class='ocrx_word' id='word_1_190' title='bbox 311 3204 378 3277; x_wconf 89' lang='lat' dir='ltr'>hoc</span> <span class='ocrx_word' id='word_1_191' title='bbox 404 3200 554 3273; x_wconf 86' lang='lat' dir='ltr'>sermone</span> <span class='ocrx_word' id='word_1_192' title='bbox 576 3196 691 3271; x_wconf 86' lang='lat' dir='ltr'>nostro</span> <span class='ocrx_word' id='word_1_193' title='bbox 717 3199 963 3295; x_wconf 87' lang='lat' dir='ltr'>conquirimus,</span> <span class='ocrx_word' id='word_1_194' title='bbox 986 3200 1043 3275; x_wconf 88' lang='lat' dir='ltr'>sed</span> <span class='ocrx_word' id='word_1_195' title='bbox 1062 3231 1101 3277; x_wconf 80' lang='lat' dir='ltr'>e-</span> 
     </span>
    </p>

    <p class='ocr_par' dir='ltr' id='par_1_10' title="bbox 50 3301 1137 3856">
     <span class='ocr_line' id='line_1_28' title="bbox 139 3301 1137 3410; baseline -0.003 -24"><span class='ocrx_word' id='word_1_196' title='bbox 139 3337 197 3386; x_wconf 91' lang='lat' dir='ltr'>um</span> <span class='ocrx_word' id='word_1_197' title='bbox 210 3314 347 3403; x_wconf 89' lang='lat' dir='ltr'>virum,</span> <span class='ocrx_word' id='word_1_198' title='bbox 371 3311 429 3410; x_wconf 93' lang='lat' dir='ltr'>qui</span> <span class='ocrx_word' id='word_1_199' title='bbox 442 3311 586 3407; x_wconf 89' lang='lat' dir='ltr'>primum</span> <span class='ocrx_word' id='word_1_200' title='bbox 600 3307 640 3383; x_wconf 89' lang='lat' dir='ltr'>fit</span> <span class='ocrx_word' id='word_1_201' title='bbox 665 3307 733 3382; x_wconf 88' lang='lat' dir='ltr'>eius</span> <span class='ocrx_word' id='word_1_202' title='bbox 760 3309 837 3382; x_wconf 89' lang='lat' dir='ltr'>artis</span> <span class='ocrx_word' id='word_1_203' title='bbox 855 3308 985 3384; x_wconf 88' lang='lat' dir='ltr'>antistes</span> <span class='ocrx_word' id='word_1_204' title='bbox 999 3301 1101 3402; x_wconf 52' lang='lat' dir='ltr'>stu·</span> <span class='ocrx_word' id='word_1_205' title='bbox 1132 3376 1137 3383; x_wconf 92' lang='lat'>.</span> 
     </span>
     <span class='ocr_line' id='line_1_29' title="bbox 139 3413 1101 3520; baseline 0.005 -29"><span class='ocrx_word' id='word_1_206' title='bbox 139 3416 190 3492; x_wconf 85' lang='lat' dir='ltr'>ius</span> <span class='ocrx_word' id='word_1_207' title='bbox 211 3443 287 3492; x_wconf 91' lang='lat' dir='ltr'>cum</span> <span class='ocrx_word' id='word_1_208' title='bbox 300 3420 368 3516; x_wconf 91' lang='lat' dir='ltr'>ipsa</span> <span class='ocrx_word' id='word_1_209' title='bbox 383 3438 498 3494; x_wconf 88' lang='lat' dir='ltr'>natura</span> <span class='ocrx_word' id='word_1_210' title='bbox 510 3446 661 3520; x_wconf 87' lang='lat' dir='ltr'>magnam</span> <span class='ocrx_word' id='word_1_211' title='bbox 683 3419 812 3491; x_wconf 92' lang='lat' dir='ltr'>homini</span> <span class='ocrx_word' id='word_1_212' title='bbox 831 3413 1019 3494; x_wconf 87' lang='lat' dir='ltr'>facultatem</span> <span class='ocrx_word' id='word_1_213' title='bbox 1034 3423 1101 3496; x_wconf 82' lang='lat' dir='ltr'>da·</span> 
     </span>
     <span class='ocr_line' id='line_1_30' title="bbox 50 3528 1101 3633; baseline 0.009 -33"><span class='ocrx_word' id='word_1_214' title='bbox 50 3528 53 3535; x_wconf 88' lang='grc'>’</span> <span class='ocrx_word' id='word_1_215' title='bbox 138 3549 215 3623; x_wconf 86' lang='lat' dir='ltr'>ret,</span> <span class='ocrx_word' id='word_1_216' title='bbox 238 3540 348 3607; x_wconf 82' lang='lat' dir='ltr'>tamen</span> <span class='ocrx_word' id='word_1_217' title='bbox 361 3533 426 3606; x_wconf 82' lang='lat' dir='ltr'>elle</span> <span class='ocrx_word' id='word_1_218' title='bbox 439 3533 518 3606; x_wconf 88' lang='lat' dir='ltr'>deus</span> <span class='ocrx_word' id='word_1_219' title='bbox 530 3534 727 3631; x_wconf 88' lang='lat' dir='ltr'>putabatur,</span> <span class='ocrx_word' id='word_1_220' title='bbox 751 3530 976 3630; x_wconf 75' lang='lat' dir='ltr'>metipsum,</span> <span class='ocrx_word' id='word_1_221' title='bbox 1001 3533 1101 3633; x_wconf 91' lang='lat' dir='ltr'>quod</span> 
     </span>
     <span class='ocr_line' id='line_1_31' title="bbox 138 3632 1099 3743; baseline 0.001 -25"><span class='ocrx_word' id='word_1_222' title='bbox 138 3664 210 3719; x_wconf 83' lang='lat' dir='ltr'>erat</span> <span class='ocrx_word' id='word_1_223' title='bbox 222 3643 366 3721; x_wconf 88' lang='lat' dir='ltr'>hominis</span> <span class='ocrx_word' id='word_1_224' title='bbox 379 3644 553 3743; x_wconf 87' lang='lat' dir='ltr'>proprium</span> <span class='ocrx_word' id='word_1_225' title='bbox 568 3698 580 3734; x_wconf 90' lang='lat'>,</span> <span class='ocrx_word' id='word_1_226' title='bbox 604 3669 673 3718; x_wconf 87' lang='lat' dir='ltr'>non</span> <span class='ocrx_word' id='word_1_227' title='bbox 687 3662 818 3741; x_wconf 87' lang='lat' dir='ltr'>partum</span> <span class='ocrx_word' id='word_1_228' title='bbox 840 3670 900 3742; x_wconf 85' lang='lat' dir='ltr'>per</span> <span class='ocrx_word' id='word_1_229' title='bbox 913 3670 1001 3733; x_wconf 89' lang='lat' dir='ltr'>nos,</span> <span class='ocrx_word' id='word_1_230' title='bbox 1039 3632 1099 3720; x_wconf 90' lang='lat' dir='ltr'>sed</span> 
     </span>
     <span class='ocr_line' id='line_1_32' title="bbox 64 3755 1099 3856; baseline 0.001 -26"><span class='ocrx_word' id='word_1_231' title='bbox 64 3800 69 3815; x_wconf 82' lang='lat'><em>,</em></span> <span class='ocrx_word' id='word_1_232' title='bbox 139 3757 297 3834; x_wconf 88' lang='lat' dir='ltr'>divinitus</span> <span class='ocrx_word' id='word_1_233' title='bbox 323 3758 365 3831; x_wconf 89' lang='lat' dir='ltr'>ad</span> <span class='ocrx_word' id='word_1_234' title='bbox 382 3755 613 3846; x_wconf 77' lang='lat' dir='ltr'>nordolatrnn</span> <span class='ocrx_word' id='word_1_235' title='bbox 622 3756 814 3834; x_wconf 87' lang='lat' dir='ltr'>videretur:</span> <span class='ocrx_word' id='word_1_236' title='bbox 852 3756 998 3850; x_wconf 77' lang='lat' dir='ltr'>deinde,</span> <span class='ocrx_word' id='word_1_237' title='bbox 1035 3756 1099 3856; x_wconf 80' lang='lat' dir='ltr'>qui</span> 
     </span>
    </p>
   </div>
   <div class='ocr_carea' id='block_1_3' title="bbox 0 0 1156 4304">
    <p class='ocr_par' dir='ltr' id='par_1_11' title="bbox 0 0 1156 4304">
     <span class='ocr_line' id='line_1_33' title="bbox 0 0 1156 4304; baseline 0 4"><span class='ocrx_word' id='word_1_238' title='bbox 0 0 1156 4304; x_wconf 95' lang='lat' dir='ltr'> </span> 
     </span>
    </p>
   </div>
  </div>
 </body>
</html>
