2302 4304
111 316 183 391 410
419 290 749 365 ORATOR.

150 453 261 514 tandem
278 449 313 511 dc
330 448 507 512 collocatione
528 450 719 514 verborumc.
733 472 782 528 44.
800 449 861 562 sqq.
876 470 953 536 agat.
970 452 1009 514 Ea
1022 475 1065 514 an·
1083 424 1088 437 ,
1110 441 1117 514 l

150 565 208 613 tem
229 547 362 624 cernitur,
378 546 424 608 vel
442 567 505 607 com
520 563 643 609 extrema
658 568 721 611 curn
739 549 834 629 primia
851 565 916 631 apte
936 549 1117 629 cohaerent
1114 585 1117 627 ς

44 706 49 731 ¹
151 659 180 703 ct
206 643 376 703 enuntiantur
399 637 557 701 suavissimis
583 640 723 716 vocibus3
750 639 796 703 vel
823 661 893 701 cum
919 624 1007 703 sormi
1022 637 1069 722 ipsa

151 734 369 816 coudmnitasque
389 735 537 796 verborum
559 733 669 797 conficit
690 735 787 798 orbem
812 733 914 812 suum3
933 735 980 798 vel
1002 737 1070 796 tertio

152 855 216 895 cum
247 833 349 915 periodi
382 849 445 915 apte
473 832 668 916 numeroseque
693 832 804 898 cadunt.
849 831 948 916 ltaque
973 833 1070 895 tandem

119 915 126 929 ⁹
152 926 239 1008 agitur
261 925 297 987 de
323 946 455 1001 numero,
476 927 552 987 cuius
577 928 658 1028 origo
682 949 707 989 c.
734 944 780 1010 5²·
800 924 884 988 causa
910 946 937 989 c.
965 944 1008 1010 ς).
1029 944 1070 985 na·

152 1039 257 1083 mrac.
279 1039 324 1104 53.
343 1019 444 1105 sqqet
467 1016 584 1086 ususc.
596 1021 643 1085 61.
660 1018 718 1105 sqq.
737 1018 900 1084 declaratur.

79 1129 314 1326 rUTrum
345 1224 510 1299 difficilius
532 1243 588 1299 aut
621 1225 725 1299 maius
747 1224 828 1297 effer
851 1249 976 1327 negare
1000 1222 1074 1311 tibi,

85 1331 239 1429 rsacpius
259 1314 347 1405 idem
374 1334 526 1430 roganti,
560 1360 603 1408 an
624 1333 754 1409 efficere
774 1330 832 1422 id,
861 1331 960 1431 quod
981 1357 1073 1432 roga-

112 1470 185 1533 res,
216 1444 273 1515 diu
299 1444 522 1543 multumque,
552 1447 669 1536 Brute,
715 1443 875 1519 dubitavi.
935 1443 1022 1515 Nam
1048 1458 1077 1514 et

114 1580 233 1653 negare
252 1557 304 1648 ei,
329 1583 429 1655 quem
457 1560 555 1633 unice
582 1559 774 1658 diligerem,
798 1557 923 1655 cuique
944 1582 1000 1631 me
1022 1580 1073 1628 ca·

114 1665 275 1741 tissimum
296 1668 361 1743 esse
384 1671 560 1760 sentirem,
586 1667 777 1766 praesertim
796 1684 830 1743 et
848 1665 931 1740 iusla
946 1662 1074 1763 petenti,

115 1797 151 1853 ct
173 1781 338 1877 praeclara
366 1782 530 1878 cupienti,
555 1782 674 1855 duru'm
697 1779 880 1853 admodum
913 1776 999 1867 mihi
1026 1775 1075 1851 vi·

117 1889 272 1963 debatur:
298 1912 332 1964 et
366 1893 527 1991 suscipere
553 1913 677 1969 tantam
701 1913 793 1982 rem,
823 1906 986 1988 quantam
1016 1911 1078 1960 non

117 1999 223 2070 modo
249 1996 400 2071 facultate
431 2000 588 2099 consequi
616 1998 748 2072 difficile
770 1995 851 2071 esset
861 2050 876 2086 ‚
899 1996 961 2071 sed
985 1995 1076 2089 etiarn

117 2108 320 2208 cogitatione
337 2112 531 2207 complesti,
555 2110 614 2185 vix
630 2108 812 2182 arbitrabar
829 2106 898 2182 effe
914 2106 1004 2195 eius,
1026 2103 1079 2202 qui

119 2237 289 2294 vereretur
317 2218 604 2317 reprehensionem
627 2219 802 2290 doliorum
819 2234 921 2316 atque
939 2216 1081 2311 pruden-

87 2330 214 2404 amm,
276 2328 370 2424 Quid
392 2331 480 2402 enim
503 2327 549 2401 esl
570 2330 697 2419 maius,
734 2352 855 2426 quam,
892 2351 971 2400 cum
988 2342 1074 2399 tanta

120 2442 159 2515 srt
188 2443 275 2516 inter
302 2461 451 2516 oratores
482 2441 592 2514 bonos
625 2437 872 2528 dissimilitudo,
911 2434 1074 2521 iudicare,

120 2576 205 2646 quae
232 2551 269 2623 sit
291 2551 419 2647 optima
441 2549 581 2647 species,
614 2570 646 2624 et
670 2549 759 2648 quast
786 2547 895 2648 figura
918 2541 1076 2620 dicendi?

121 2660 227 2751 Quod
249 2659 407 2754 quoniam
427 2685 482 2731 me
502 2659 627 2756 saepius
644 2684 764 2756 rogas,
787 2655 986 2755 aggrediar,
1011 2673 1076 2723 non

120 2787 189 2838 tam
211 2760 404 2859 perficiendi
429 2763 508 2859 spe,
545 2791 646 2862 quam
675 2763 869 2860 experiundi
895 2760 1074 2836 voluntate.

120 2870 214 2946 Malo
236 2870 347 2960 enim,
386 2898 461 2945 ctrm
481 2872 589 2944 studio
615 2895 676 2948 tuo
697 2873 756 2947 sim
776 2872 974 2963 obsecutus,
1000 2865 1078 2941 den-

121 2980 228 3056 derari
259 3000 335 3053 ate
359 2981 570 3078 prudentiam*
589 3009 715 3076 meam,
748 3009 869 3084 quam,
903 2984 928 3056 fi
948 2985 985 3057 id
1010 3007 1073 3056 non

89 3089 281 3183 rfecerim,
318 3091 593 3166 benevolentiam.
647 3095 788 3189 Quaeris
814 3094 946 3193 igitur,
979 3093 1074 3190 idque

119 3196 185 3268 iam
206 3199 347 3302 saepire,
372 3203 464 3301 quod
485 3203 690 3301 eloquentiae
714 3231 816 3305 gemis
842 3204 986 3302 probem
1013 3226 1078 3274 ma·

120 3305 226 3394 xime,
253 3327 286 3382 et
307 3313 402 3408 quale
419 3313 501 3386 mihi
520 3316 670 3391 videatur
691 3318 796 3407 illud,
820 3317 873 3389 cui
897 3316 980 3388 nihil
1006 3313 1076 3388 addi

119 3416 240 3513 poffit,
265 3424 359 3516 quod
381 3449 446 3522 ego
465 3427 628 3500 summum
649 3447 682 3500 et
703 3427 973 3526 persediffimum
995 3426 1076 3500 iudi·

119 3552 203 3603 cem.
252 3532 296 3603 ln
314 3557 383 3630 quo
405 3550 547 3629 vereor,
571 3566 634 3630 ne,
659 3542 683 3612 fi
699 3542 763 3635 id,
789 3541 938 3666 quod
903 3566 976 3627 vra,
1004 3536 1076 3611 effe·

115 3634 219 3729 cero,
253 3655 395 3742 eumque
418 3666 607 3741 oratorem,
640 3676 740 3748 quem
761 3652 906 3749 quaeris,
944 3646 1073 3746 expres-

118 3750 213 3845 sero,
250 3754 377 3828 tarde'm
402 3758 505 3830 studia
524 3762 726 3848 mtdtorum,
771 3763 829 3861 qui
853 3760 1074 3860 desperatione

63 3904 119 4000 ἱ
