2302 4304
379 293 705 371 aaaron
782 399 787 409 .
952 254 1021 394 4&

55 445 232 533 sumntum
245 453 310 531 effe
324 473 490 531 oratorem
504 451 642 544 velletn3
659 456 715 531 sed
727 455 762 530 id
775 455 856 531 mihi
868 480 1024 557 quaerere
1124 549 1127 556 ,

53 565 249 654 videbare,
271 568 366 666 quod
381 593 483 667 genus
495 567 594 665 ipfius
613 567 774 643 orationis
792 569 957 664 optimum
969 570 1025 644 iu·

53 677 223 755 dicarem.
271 679 355 751 Rem
370 677 553 768 difficilem,
591 678 638 751 dii
654 675 878 751 immortales!
927 700 1026 776 arque

51 786 219 860 omnium
236 785 470 863 difficillimam.
518 787 606 862 Nam
623 812 699 860 curn
714 783 761 858 est
775 786 885 860 orario
897 785 1025 879 mollis,

48 912 90 969 et
102 916 246 983 tenera,
270 895 362 971 etita
379 892 552 983 flexibilis,
575 914 612 967 ut
629 895 800 992 sequatur,
825 919 1025 995 quocunque

50 1023 245 1102 torqueas:
277 1023 409 1088 tumet
435 1021 568 1081 naturae
590 1005 726 1095 variae,
754 1024 788 1079 et
814 1006 1025 1098 voluntates,
1059 1074 1062 1079 .

49 1117 207 1193 meilnnn
226 1118 313 1192 inter
329 1117 362 1197 se
377 1116 537 1193 distantia
554 1116 735 1194 effecerunt
747 1145 868 1217 genera
883 1120 1031 1194 dicendi

48 1230 203 1304 Flumen
215 1230 283 1303 aliis
295 1230 497 1320 verborum,
510 1229 764 1330 volubilitasque
776 1233 871 1306 cordi
885 1231 948 1321 est,
967 1233 1025 1330 qui
1045 1259 1073 1311 ιι

50 1342 242 1442 ponuntin
255 1342 415 1418 orationis
428 1340 592 1416 celeritate
601 1338 833 1438 eloquentiam.
856 1340 1025 1415 Diffinea

50 1455 148 1527 alios
165 1458 201 1526 et
219 1452 426 1549 interpundta
447 1449 646 1539 intervalla,
669 1458 813 1547 molae,
836 1449 1025 1549 respiratio·

50 1564 186 1662 nesque
199 1562 368 1638 deleeanr.
417 1563 511 1659 Quid
534 1561 643 1660 potest
660 1562 804 1636 efferam
827 1558 1026 1635 diversum-i

48 1695 175 1751 tamen
193 1675 287 1749 estin
300 1693 445 1774 utroque
466 1675 591 1772 aliquid
621 1673 794 1748 excellens.
843 1673 1024 1745 Elaborant

47 1786 144 1860 8111
134 1810 175 1858 ιιι
192 1783 325 1858 lenitate
337 1801 371 1856 et
392 1781 641 1880 aequabilitate,
669 1803 702 1855 et
716 1806 802 1878 puro
825 1781 914 1878 quasr
937 1803 1023 1878 quo·

50 1891 158 1967 darn
158 1911 201 1963 er
222 1889 366 1964 candido
391 1912 510 1987 genere
530 1887 670 1963 dicendi
719 1893 805 1962 Ecce
818 1887 919 1987 aliqui
932 1889 1025 1960 duri-

48 2018 167 2075 tatem
182 2019 216 2075 et
236 1999 446 2073 severitatem
469 2000 636 2097 quandam
636 1972 781 2090 verbis,
816 1997 1027 2090 etorarionis

48 2111 156 2212 quali
171 2109 368 2184 moestitiam
381 2109 578 2207 sequuntur:
604 2112 760 2208 quodque
768 2109 873 2206 paulo
886 2126 959 2181 ante
974 2108 1028 2179 di-

48 2220 221 2308 vifimus,
245 2235 282 2291 ut
305 2219 361 2291 alii
383 2244 519 2318 graves,
546 2220 602 2292 alii
620 2241 753 2309 tenues,
775 2220 1034 2316 aliiuempenti

49 2329 192 2404 vellent
203 2327 336 2415 viden
361 2347 445 2426 quor
459 2329 651 2402 orationum
664 2343 784 2429 genera
796 2327 1029 2418 effediximus,
1124 2314 1135 2393 s

45 2438 207 2515 totidem
234 2458 406 2513 oratorum
428 2438 645 2556 reperiunmr.
728 2463 739 2481 ·
839 2506 844 2527 ,
1062 2468 1067 2475 ·

107 2545 182 2632 Et,
207 2565 364 2640 quomam
376 2567 485 2640 coepi
464 2541 752 2617 aamcumulatrus
764 2543 832 2617 hoc
844 2568 962 2617 munus
970 2568 1026 2617 au
1052 2506 1095 2638 17

44 2675 162 2754 gere,
187 2672 288 2748 quam
312 2672 384 2723 ate
406 2651 604 2748 postulatum
621 2650 695 2738 est,
727 2649 818 2751 (tibi
842 2651 930 2725 enim
953 2670 1026 2724 tan·
1044 2678 1082 2728 5⁴

44 2785 137 2838 urm
164 2759 207 2830 de
229 2761 391 2833 orationis
405 2782 407 2791 ⁴
419 2785 539 2859 genere
561 2761 733 2858 quaerenti
753 2760 911 2858 respondi
930 2760 1027 2834 etiarn

45 2867 218 2944 breviter
238 2868 279 2940 de
305 2868 508 2943 inveniendo
531 2891 565 2940 et
587 2869 785 2941 collocando
798 2866 816 2966 )
829 2894 917 2958 ;‚ne
940 2896 1029 2944 nunc

44 2978 202 3082 quidem
215 2977 330 3050 tolum
352 2980 392 3051 de
407 2980 567 3054 orationis
583 2982 690 3053 modo
709 2983 836 3077 dicam,
860 2980 1028 3053 sedetiam
1127 3031 1129 3034 .

46 3091 100 3163 de
123 3086 289 3161 astionis:
313 3087 359 3158 ita
379 3089 599 3184 praetermilla
616 3114 690 3184 pars
709 3089 813 3160 nulla
819 3087 893 3161 erit
919 3110 1026 3181 quan·

43 3202 301 3300 doquidemde
320 3203 484 3278 memoria
503 3203 586 3276 nihil
598 3203 645 3275 est
665 3201 823 3274 hocloco
837 3198 1026 3292 dicendun,

43 3336 150 3415 quae
161 3334 351 3385 commurus
368 3311 422 3385 est
436 3313 612 3386 multarum
640 3312 769 3383 artiurn
818 3309 902 3403 Quo
919 3299 1026 3386 moda
1047 3345 1073 3396 55
1138 3325 1146 3348 “

43 3441 177 3496 autem
203 3420 349 3508 dicatur,
352 3421 409 3493 uid
425 3421 482 3495 est
491 3420 724 3510 induobus,
715 3445 751 3491 ιιι
765 3422 919 3546 agendo,
946 3442 979 3495 et
992 3425 1027 3494 in
1123 3440 1126 3446 ’

43 3534 267 3630 eloquendo.
314 3531 368 3604 Est
385 3534 474 3605 enim
497 3534 584 3604 11110
598 3530 687 3630 quasi
701 3532 851 3630 corporis
866 3533 1028 3629 quaedam
1107 3573 1112 3580 ·

43 3642 275 3741 eloquentia,
300 3669 377 3716 cum
395 3640 523 3717 constet
538 3666 557 3713 e
573 3665 660 3714 voce
681 3659 780 3740 atque
800 3659 906 3714 motu.
953 3646 1029 3714 Vo-

43 3753 107 3833 cis
127 3750 332 3826 mutationes
346 3750 487 3827 totidem
505 3749 595 3843 sunt,
624 3765 709 3849 quot
734 3749 922 3834 animorum
930 3779 948 3840 ·,
969 3750 1028 3853 qui
1118 3773 1120 3775 ’
