2302 4304
398 268 698 345 tranat.
975 268 1018 348 dr

10 486 14 526 e
65 438 144 523 dere
169 470 209 525 ac
234 443 407 523 lamentari
429 444 604 549 coegisset,
631 467 668 523 ut
692 442 800 522 totum
826 444 929 541 illud,
961 449 1025 522 Uei

10 609 20 621 .
64 557 171 655 lingua
203 557 424 658 nuncupaffet,
450 583 520 631 non
549 559 586 631 in
614 561 680 633 XII
724 558 861 646 tabuliS,
886 583 966 657 quas
988 575 1024 631 tu

10 721 21 732 .
64 669 219 757 omnibus
239 663 446 743 bibliothecis
462 671 650 768 anteponis,
667 666 724 744 sed
742 671 778 742 in
799 669 942 772 magistri
956 694 1024 746 car·

66 780 152 853 mine
174 775 333 878 scriptum
359 778 538 856 videretur.

10 924 15 966 :
110 893 204 979 Nam,
223 892 320 989 quod
348 886 503 964 inertiam·
513 891 639 992 accusas
657 884 941 980 adolescentium,
966 887 1023 989 qui
1039 891 1083 971 58

10 1045 16 1059 ·
63 994 153 1075 istam
179 1021 306 1094 artem,
339 1000 483 1101 primum
510 1005 723 1095 facillimam,
755 1030 824 1078 non
856 1002 1086 1091 ediscant;²⁴⁶

10 1155 13 1166 ι
64 1134 146 1206 quae
159 1135 273 1209 ·quanr
301 1113 339 1184 srt
364 1106 486 1204 facilis,
514 1110 559 1189 illi
586 1117 747 1214 viderint,
770 1114 829 1215 qui
856 1117 924 1191 eius
947 1117 1025 1192 artis

63 1220 262 1318 arrogantia,
288 1217 378 1320 quati
396 1214 587 1297 difficillima
602 1223 659 1313 sit,
676 1218 731 1320 ita
756 1224 887 1297 subnixi
908 1224 1024 1296 ambu-

64 1325 150 1401 lant:
176 1331 297 1404 deinde
323 1334 422 1406 etiarn
449 1353 484 1408 tu
511 1329 579 1433 ipsc
615 1330 762 1425 videris,
787 1329 845 1433 qui
871 1356 944 1406 earn
969 1358 1023 1406 ar-

64 1460 129 1516 tem
154 1438 288 1519 facilem
314 1447 379 1520 esse
406 1445 502 1536 dicis,
527 1469 628 1549 qttam
655 1447 811 1527 concedis
838 1444 944 1521 adhuc
966 1473 1020 1522 ar-

63 1567 125 1629 tem
137 1559 281 1633 omnino
291 1584 362 1633 non
374 1555 451 1652 esse,
462 1557 518 1633 sed
531 1560 721 1659 aliquando,
735 1556 840 1656 siquis
855 1556 949 1629 aliam
964 1581 1021 1629 ar-

61 1680 127 1738 tem
141 1666 315 1759 didicerit,
328 1686 366 1742 ut
377 1671 462 1744 hanc
475 1687 579 1743 artem
591 1670 722 1743 efficere
737 1666 857 1763 possit,
871 1683 941 1737 turn
955 1666 1021 1739 esse

62 1773 148 1850 illam
175 1798 280 1853 artem
306 1781 472 1856 futuram:
495 1783 635 1873 deinde,
665 1783 758 1881 quod
780 1780 818 1852 sn
845 1782 939 1877 plena
963 1783 1022 1858 de-

61 1885 267 1979 lectatioms;
291 1895 325 1967 in
347 1922 412 1994 qua
433 1895 494 1970 tibi
516 1899 686 1970 remittunt
708 1921 825 1970 omnes
848 1892 940 1968 istam
954 1922 1022 1973 vo·

22 2065 25 2077 .
61 2000 234 2100 luptatem,
256 2016 289 2076 et
310 2031 349 2077 ea
372 2007 404 2079 se
422 2033 533 2081 carere
553 2006 742 2104 patiuntur3
771 2032 832 2079 nec
850 2007 1021 2105 quisquam

63 2112 109 2184 est
143 2138 263 2189 eorum
274 2164 286 2203 ,
312 2115 390 2214 qui,
418 2118 442 2189 sr
468 2118 533 2189 iam
559 2117 598 2190 srt
631 2113 842 2190 ediscendum
874 2116 933 2188 fibi
959 2117 1020 2189 ali-

61 2224 164 2320 quid,
184 2251 254 2298 non
281 2225 448 2300 Teucrum
481 2224 616 2301 Pacuuii
647 2224 758 2313 malit,
784 2246 885 2319 quam
911 2225 1021 2295 Mani·

10 2356 12 2361 ·
61 2331 161 2411 dianas
185 2334 351 2412 venalium
370 2338 623 2413 vendendorum
645 2340 732 2436 leges
755 2335 907 2407 ediscere.
931 2336 1020 2407 Tum
1035 2355 1082 2409 247

63 2465 194 2538 autem,
219 2451 313 2548 quod
337 2475 452 2524 amore
479 2450 603 2547 patriae
621 2445 729 2519 censes
744 2467 805 2514 nos
830 2438 1021 2514 nostrorum

65 2559 229 2632 maiorum
258 2558 392 2636 inventa
428 2560 522 2633 nosse
555 2556 695 2639 debere;
718 2577 788 2624 non
817 2548 930 2638 vides,
956 2572 1020 2624 ve·
1096 2635 1098 2638 .

65 2687 149 2747 teres
174 2671 262 2772 leges
289 2693 343 2747 aut
368 2673 435 2771 ipsa
458 2675 512 2747 sua
539 2661 695 2747 vetustate
722 2654 937 2752 consenuisse,
965 2680 1022 2736 aut

65 2781 164 2857 novis
195 2781 321 2879 legibus
357 2781 436 2878 esse
457 2775 623 2854 sublatas?
665 2774 770 2869 Quod
805 2794 890 2874 vero
925 2768 1020 2846 viros
1067 2793 1070 2798 ·

24 2950 28 2960 .
63 2891 174 2964 bonos
187 2892 259 2965 iure
276 2893 368 2968 civili
388 2892 460 2964 fieri
481 2911 592 2988 putas,
618 2890 695 2988 quia
715 2885 842 2983 legibus
867 2900 901 2953 et
921 2902 1020 2978 prae·
1065 2960 1066 2964 ,

62 3000 132 3074 mia
163 3004 333 3102 propostta
359 3003 420 3075 srnt
454 3001 630 3078 virtutibus
658 3013 692 3071 et
717 2994 870 3091 supplicia
906 2991 1019 3065 vitiis:

61 3116 219 3213 equidem
247 3117 422 3215 putabam,
445 3113 602 3190 virtutem
628 3104 819 3182 hominibus
848 3098 1021 3200 (simodo

61 3224 149 3298 tradi
176 3229 305 3300 ratione
338 3220 454 3324 potiit)
487 3222 684 3298 instituendo
711 3235 744 3289 et
770 3211 1019 3311 persuadendo,

62 3365 136 3412 non
159 3338 270 3431 minis,
292 3353 327 3412 et
344 3340 393 3429 vi,
412 3350 450 3412 ac'
466 3351 557 3411 metu
578 3330 672 3406 tradi.
703 3333 798 3403 Nam.
814 3325 918 3423 ipsum
942 3323 1020 3424 qui-

63 3449 141 3522 dern
163 3448 260 3540 illud,
287 3453 384 3524 etiam
412 3447 479 3521 sme
511 3440 703 3543 cognitione
735 3438 832 3526 iuris,
856 3462 955 3535 quam
983 3434 1021 3505 srt

61 3556 207 3649 bellum,
233 3552 354 3636 cauere
383 3558 528 3649 malum,
554 3556 635 3631 scire
661 3551 841 3651 possumus.
884 3549 940 3620 De
966 3568 1019 3616 me
1035 3551 1083 3618 ²43
1142 3551 1143 3554 ’

63 3688 176 3742 autem
194 3669 282 3768 ipso,
304 3668 359 3744 cui
385 3671 443 3742 uni
467 3685 502 3741 tu
534 3662 710 3752 concedis,
735 3680 773 3734 ut
793 3660 858 3732 fine
881 3656 945 3728 ulla
971 3654 1021 3723 iu·
1092 3716 1096 3734 ὦ

60 3782 110 3854 ris
140 3782 272 3855 scientia
294 3800 417 3854 tamen
443 3777 543 3852 causis
573 3772 755 3850 satisfacere
784 3767 925 3866 poffim,
960 3761 1022 3838 tibi

115 3883 214 3954 Cicer·
245 3883 339 3976 Opcr.
369 3882 441 3952 Vol.
464 3877 515 3948 II·
832 3866 855 3936 F

1038 4000 1096 4060 A
