2302 4304
155 324 269 422 198„
388 271 894 394 oronrroua

150 510 203 557 me
217 482 568 581 permovendas,etad
577 479 750 554 utilitatem
763 477 909 550 nostram
925 478 1107 570 vocandas,

150 591 351 666 conferenda
373 591 455 662 sunt.
838 608 841 612 ’
886 605 888 609 ’

81 720 150 773 333'
197 704 315 800 Neque
337 703 410 774 sane
431 701 498 771 iam
520 700 613 771 causa
641 700 775 773 videtur
798 699 888 788 esse,
916 725 978 771 cur
1003 701 1106 776 secer-

149 837 264 884 namus
290 836 328 882 ea
346 827 541 908 praecepta,
564 833 647 903 quae
672 809 713 879 de
733 806 932 879 suasionibus
950 807 1106 878 tradenda

36 982 40 989 .
149 919 248 1010 sunt,
275 939 330 993 aut
349 917 598 991 laudationibus.
624 919 697 990 sunt
714 917 803 990 enirn
830 915 986 1013 pleraque
1012 940 1106 988 com-

148 1032 259 1105 munia
279 1055 288 1100 τ
315 1030 370 1102 sed
388 1048 499 1101 tamen
513 1028 645 1099 suadere
659 1028 807 1124 aliquid,
825 1047 880 1099 aut
903 1025 1104 1117 dissuadere,

147 1139 352 1236 gravissimae
382 1137 464 1209 mihi
495 1136 629 1208 videtur
655 1135 720 1206 esse
748 1134 917 1230 personae.
960 1134 1050 1204 Nam
1073 1146 1105 1202 et

115 1291 121 1301 ·
146 1244 297 1342 sapientis
319 1245 390 1335 est,
414 1243 587 1318 consilium
620 1243 781 1338 explicare
808 1236 903 1313 surim
927 1241 969 1312 de
997 1239 1111 1312 maxi-'

146 1355 208 1426 mis
232 1355 353 1442 rebus3
377 1377 411 1426 et
435 1353 588 1439 honesti,
612 1370 645 1424 et
674 1352 803 1442 diserti,
826 1375 864 1425 ut
893 1370 1006 1424 mente
1027 1376 1103 1449 pro·

144 1460 284 1550 videre,
308 1461 499 1534 autoritate
524 1461 691 1558 probare,
729 1463 880 1534 oratione
910 1461 1104 1558 persuadere

81 1565 127 1639 82
146 1569 252 1665 possit.
272 1573 380 1668 Atque
394 1571 474 1642 haec
488 1569 523 1641 in
536 1570 648 1642 senatu
661 1570 793 1641 minore
809 1589 968 1668 apparatu
982 1570 1103 1668 agenda

144 1679 245 1750 sunt:
275 1679 398 1777 sapiens
424 1678 515 1750 enim
538 1676 585 1750 est
610 1677 781 1750 consilium
802 1706 810 1749 :
835 1678 1012 1777 multisque
1039 1678 1104 1750 aliis

143 1794 274 1866 dicendi
301 1794 532 1892 relinquendus
557 1793 659 1863 locus.
701 1791 845 1864 Vitanda
861 1790 962 1862 etiam
984 1788 1104 1888 ingenii

78 1928 126 1983 334
144 1906 368 1980 ostentationis
395 1908 545 2003 suspicio.
572 1905 721 1976 .Concio
747 1905 834 2000 capit
865 1901 1019 1978 omnem
1035 1905 1103 1978 vim

143 2012 308 2098 oratoris,
343 2033 376 2083 et
403 2011 622 2107 gravitatem,
652 2011 912 2108 varietatemque
938 2010 1104 2084 desiderat.

113 2116 114 2121 ’
141 2119 232 2214 Ergo
247 2117 283 2188 in
297 2115 463 2189 suadendo
492 2117 573 2188 nihil
605 2116 653 2188 est
669 2119 867 2213 optabilitu,
912 2146 1015 2219 quarn
1034 2122 1102 2220 dig-

141 2227 234 2300 nitas.
261 2227 417 2326 namqui
440 2227 613 2299 utilitatem
635 2245 748 2324 putat,
772 2254 842 2303 non
862 2232 943 2328 quid
962 2233 1103 2321 maxime

141 2341 222 2413 velit
256 2339 391 2430 suasor,
428 2341 484 2412 sed
511 2340 592 2438 quid
614 2341 780 2413 interdum
804 2343 905 2441 magis
932 2346 1101 2442 sequatur,

140 2450 242 2521 videt.
287 2452 397 2522 Nemo
430 2447 476 2521 est
507 2449 619 2536 enim,
645 2450 835 2543 praesertim
864 2452 900 2525 in
924 2469 993 2524 tarn
1021 2454 1102 2525 clara

100 2622 103 2626 a
140 2560 299 2649 civitate,
323 2561 404 2656 quin
434 2579 528 2655 putet
555 2561 773 2656 expetendam
794 2562 938 2634 maxime
965 2564 1101 2660 dignita-

139 2685 207 2738 tem
221 2695 232 2738 r·
255 2669 310 2739 sed
339 2668 444 2765 vincit
466 2669 586 2743 utilitas
605 2671 813 2769 plerumque,
832 2699 907 2745 cum
928 2672 1036 2746 subest
1050 2675 1100 2746 ille

77 2805 82 2815 ¹
136 2777 263 2865 timor,
288 2802 326 2847 ea
357 2779 526 2872 negledla,
552 2805 594 2849 ne
625 2781 823 2876 dignitatem
848 2781 984 2880 quidem
1010 2781 1100 2879 posse
1129 2791 1131 2797 '

43 2974 46 2978 ἡ
72 2908 116 2960 335
138 2885 283 2956 retineri.
308 2886 546 2958 Controversia
561 2905 666 2961 autem
682 2890 768 2961 inter
784 2892 959 2962 hominum
978 2893 1099 2965 senten·

46 3064 54 3073 ,
84 3046 86 3051 ·
137 2998 217 3083 tias,
242 3014 298 3068 aut
323 2998 357 3068 in
377 2996 508 3069 illum
524 3048 536 3087 ‚
551 3014 663 3069 utrum
686 2999 725 3070 sit
746 3001 882 3073 utilius:
904 3018 961 3072 aut
978 3002 1099 3087 eriam,

137 3132 214 3180 cum
241 3107 277 3179 id
303 3109 485 3196 convenit,
512 3124 679 3196 certatur,
709 3106 832 3182 utrum
852 3109 1017 3184 honestati
1040 3136 1098 3208 po·

136 3216 216 3306 tius,
240 3245 281 3290 an
299 3219 432 3291 utilitati
456 3220 691 3293 consulendum
714 3221 763 3295 sit.
798 3225 899 3315 Quae
917 3223 997 3320 quia
1016 3249 1099 3322 pug-

136 3351 214 3396 nare
241 3327 334 3422 saepe
363 3329 449 3402 inter
479 3331 714 3419 sevidentur,
742 3332 799 3428 qui
834 3334 1014 3409 utilitatem
1039 3336 1100 3406 de·

129 3437 265 3526 tendit,
292 3442 495 3512 enumerabit
511 3442 701 3533 ¹eommoda
715 3442 804 3536 pacis
828 3495 839 3528 ,
871 3467 1007 3538 opum,
1035 3469 1099 3540 po·

134 3547 253 3618 tentiae
269 3601 292 3634 ,.
327 3551 518 3644 pecuniae,
546 3551 792 3648 uesligalium,
843 3555 995 3649 praesidii
1032 3557 1098 3628 mi·

134 3655 254 3745 litum,
315 3653 523 3756 [utilitates]
553 3679 748 3733 ueteranum
798 3689 931 3750 rerum,
957 3691 1099 3763 quarum

132 3761 275 3839 siullum
302 3765 445 3841 utilitate.
472 3764 657 3859 metimur,
696 3770 840 3868 itemque
875 3774 1097 3850 incommoda
