2304 4304
56 320 1030 548 M.TULL11c1cERON1i

510 634 587 686 AD

263 678 848 880 urunrnnn

139 954 615 1112 Drnnoer
703 968 963 1077 Tuus

514 1150 589 1213 DE

121 1555 991 1659 D1nnoeussnuL1nunrn1ntue.

328 1705 784 1798 nuounturun

70 1884 103 1950 ln
124 1886 165 1946 his
186 1887 281 1963 libris,
300 1884 328 1946 in
348 1885 443 1968 quibus
470 1887 524 1970 ipse
548 1886 596 1950 sibi
618 1887 729 1950 mirifice
750 1879 848 1972 placuit
871 1890 985 1968 Cicero,
1002 1896 1038 1958 de

111 1981 265 2062 eloquentia
293 1981 331 2038 ita
357 1982 508 2061 praecipit,·
536 1996 592 2056 ut,
617 1981 692 2063 quod
722 1983 788 2042 alios
818 1983 922 2060 docet,
950 1986 1038 2068 ipsum

114 2070 191 2153 plane
208 2066 358 2130 assecutum
374 2068 427 2130 effe
446 2087 582 2155 appareat.
607 2069 731 2152 Explicat
749 2091 841 2134 autem
863 2073 921 2134 suas
941 2075 976 2135 de
997 2074 1040 2133 di-

106 2165 191 2244 cendi
222 2180 280 2225 arte
307 2157 447 2224 sententias
471 2165 519 2224 sub
545 2163 621 2225 Lucii
647 2163 749 2224 Licinii·
778 2163 867 2228 Craffi
893 2181 921 2226 et
949 2165 1042 2226 Marci

112 2258 228 2320 Antonii
245 2255 385 2339 personis,
406 2256 482 2339 quod
502 2257 537 2316 ad
558 2257 612 2317 hos
634 2257 759 2317 homines
774 2258 942 2337 eloquentiae
963 2258 1038 2336 prin·

110 2359 231 2436 cipetum
248 2373 366 2424 omnes,
389 2351 517 2434 superiori
536 2349 646 2425 seculo,
668 2350 826 2411 detulerant.
857 2348 893 2408 Et
908 2352 936 2407 in
949 2351 1040 2431 primo

111 2450 223 2531 quidem
247 2448 315 2509 libro
340 2445 450 2510 Crassus
484 2440 511 2506 et
537 2444 675 2531 Antonius
701 2445 736 2505 de
769 2441 895 2504 universa
925 2448 1040 2506 oratorie

76 2580 81 2588 ·
112 2541 224 2624 persedli
239 2542 269 2601 vi
289 2539 445 2621 disputant,
464 2557 582 2619 quorum
605 2534 670 2597 alter
689 2535 726 2606 ad
748 2534 892 2598 Ciceronis
915 2553 1037 2607 mentem

113 2635 147 2696 de
172 2657 206 2695 ea
231 2655 260 2694 re
279 2631 392 2706 disserit,
411 2634 469 2708 ita,
494 2647 525 2691 ut
551 2630 651 2692 oratori
676 2631 799 2721 qmnium
823 2629 991 2692 scientiarum
1009 2649 1038 2694 et

112 2731 210 2789 artium
239 2728 421 2809 cognitionem
447 2725 569 2805 tribuat3
596 2723 662 2785 alter
688 2746 758 2786 vero
796 2723 932 2787 Antonius
951 2725 1040 2787 fratris

112 2823 213 2904 Quinti
237 2822 364 2885 sententia
385 2821 617 2903 eloquentiamab
637 2821 767 2904 elegantia
784 2822 922 2883 dottnnae
942 2822 1037 2905 segre-

115 2941 182 3007 gat,
208 2938 238 2984 et
261 2924 289 2980 in
311 2920 433 3002 quodam
454 2920 551 3002 ingenii
570 2934 597 2978 et
619 2920 813 2979 exercitationis
832 2937 931 3000 genere
950 2920 1039 2998 ponit.·

114 3015 171 3078 vid.
195 3036 219 3075 c.
238 3037 263 3077 a.
274 3011 387 3073 ¹Primus
403 3011 517 3093 disputat
533 3008 666 3086 Crestus,
688 3011 786 3072 deinde
808 3013 863 3071 eius
886 3029 1037 3092 argumen·

112 3110 146 3167 tis
164 3129 233 3190 quae
251 3107 407 3190 responderi
430 3104 557 3188 possunt,
579 3103 658 3166 affert
681 3105 826 3166 Antonius.
860 3104 893 3164 ln
917 3102 1037 3165 sectmdo

112 3199 183 3262 libro
201 3198 344 3262 differendi
369 3216 457 3282 partes
481 3201 601 3282 inprimis
619 3197 661 3258 ad.
684 3198 837 3258 Antonium
855 3195 1035 3270 deseruntur,

112 3298 160 3375 qui
177 3295 209 3356 de
229 3299 387 3358 inventione
400 3299 550 3378 praecipit,
566 3295 638 3380 etde
657 3294 834 3355 collocatione
845 3310 933 3354 rerum
952 3293 1035 3353 loco-

111 3410 247 3472 rumque,
276 3412 332 3474 qua
362 3377 481 3476 inprimis
510 3390 620 3453 valuisse
648 3385 826 3461 credebatur,
858 3411 888 3449 v.
915 3387 975 3452 Cic.
1000 3389 1036 3449 de

112 3484 188 3548 clar.
207 3480 287 3549 Orat.
305 3511 331 3551 c.
347 3508 386 3568 37
416 3510 481 3550 cum
501 3503 595 3549 contra
617 3505 676 3558 non
697 3485 891 3571 elegantissimo
911 3485 1035 3547 sermone

112 3583 230 3641 uteretur
256 3597 345 3669 atque¹
362 3582 502 3666 diligenter
515 3581 653 3664 'loquendi
679 3576 758 3642 laude
781 3596 890 3642 careret.
923 3577 971 3639 Ad
989 3580 1035 3637 in-

112 3676 273 3736 ventionem
296 3697 387 3738 rerum
410 3694 502 3738 autent
520 3678 648 3758 quoniam
679 3676 792 3758 pertinet
811 3677 893 3735 etiam
914 3671 949 3731 de
966 3673 1035 3733 iocis

112 3787 140 3830 ot
160 3769 261 3830 facetiis
273 3772 368 3846 locus,
385 3789 417 3843 et¹
427 3771 527 3835 Caesar
545 3772 702 3839 credebatur
716 3773 839 3835 omnium
858 3764 1032 3843 facetissunue

125 3870 219 3941 Cicer.
246 3871 340 3968 Oper.
365 3857 504 3946 ΪοΙζΙΙ.
638 3879 640 3883 ’
696 3910 724 3936 n
789 3869 872 3953 Aa
