2302 4304
392 327 701 441 unua-uss.
791 355 803 369 ⁵
960 354 1030 435 3157.

53 484 196 576 lubilis²
221 511 283 560 nec
304 513 342 560 ea
363 488 549 560 redundans
573 510 700 578 tamen,
720 512 782 561 uec
803 487 1031 564 circumfluens

56 594 190 666 oratio,
240 596 389 672 Crassum
405 597 459 674 hic
480 596 615 669 volebat
627 597 779 682 imitaria
799 598 904 670 Cotta
926 599 1029 672 mal'e-
1100 599 1103 605 ’

57 704 119 776 bat
143 700 363 780 Antonium:
402 706 457 779 sed
482 708 523 779 ab
548 708 616 781 hoc
643 709 695 786 vis
724 709 838 781 aberat.
867 711 1030 800 Antonii,

60 813 174 888 Craffi
196 818 238 890 ab
254 818 311 890 illo
325 819 428 922 lepos.
479 822 513 892 O
529 845 707 918 magnam,
741 818 870 917 iuquit,
895 836 999 891 artem
1020 816 1098 904 s204

62 927 205 1000 Brutus:
237 927 396 1026 siquidem
428 926 518 1019 istis,
559 952 644 1001 cum·
672 927 791 1000 summi
824 926 927 1000 essent
962 951 1032 1000 ora·

64 1052 186 1126 tome,
230 1037 312 1111 duae
355 1063 407 1110 res
438 1039 635 1128 maximae,
697 1037 797 1108 altera
833 1035 926 1108 alteri
948 1130 951 1137 Ι
970 1036 1030 1108 de-

66 1144 138 1219 fuit.
179 1147 290 1246 Atque
307 1148 342 1219 in
370 1149 421 1221 his
445 1147 636 1220 oratoribus
659 1146 739 1220 illud
764 1149 1030 1222 animadvertem
1055 1160 1097 1258 56

68 1257 148 1328 dum
170 1258 241 1351 esi,
269 1260 362 1356 posse
380 1262 448 1334 esse
467 1261 632 1350 summos,
648 1252 862 1362 ''qui'interse
883 1261 944 1333 s1‘n't
967 1258 1032 1332 dis·

68 1364 202 1445 smiles..
250 1368 441 1443 Nihilenim
455 1391 523 1445 tam
535 1368 706 1455 dissimile,
732 1376 831 1466 quam
845 1369 948 1440 Cotta
960 1368 1030 1438 Sul·

69 1477 249 1570 picio-',ut¹
264 1499 404 1579 uterque
427 1483 613 1579 aequalibus
635 1481 698 1555 suis
721 1481 901 1579 plurimum
929 1502 1028 1575 prae·
1072 1496 1074 1501 '

70 1583 165 1665 stitit„
206 1590 321 1681 Quare
336 1591 402 1665 hoc
416 1593 561 1666 uoueris
574 1595 784 1692 intelligentis
806 1592 868 1678 est,
893 1590 1029 1679 videre,
1091 1599 1093 1602 ’

69 1720 138 1792 quo
160 1695 245 1769 ferat
260 1722 377 1792 natuta
397 1701 452 1773 sua
470 1726 656 1802 quemque3
679 1719 713 1775 et
726 1704 866 1774 ea-duee
883 1717 1030 1773 utentem

69 1804 112 1877 ἧς
125 1803 306 1894 instituere,
318 1827 356 1880 ut
369 1808 545 1883 Isocratem
557 1811 764 1885 inacerrimo
773 1808 907 1907 ingenio
920 1807 1031 1879 Theo·
1119 1812 1125 1821 '

70 1916 206 2013 pompi,
226 1941 259 1990 et
281 1919 441 1993 lenissimo
464 1921 591 2018 Ephori
606 1920 721 1993 dixisse
736 1920 891 1992 traditum
905 1915 975 2006 est,
989 1914 1031 1986 al·
1063 1969 1064 1973 η

70 2027 133 2098 teri
145 2026 178 2099 se
201 2026 340 2100 calcaria
350 2029 527 2123 adhibere,
552 2032 644 2105 alteri
671 2030 794 2104 frenos.
843 2029 1031 2125 Suspiciio·
1050 2063 1093 2112 205

69 2138 233 2229 rationes,
254 2165 338 2238 quae
348 2138 515 2232 feruntur,
538 2167 592 2215 eas
605 2139 837 2237 postmortem
849 2141 917 2211 eius
930 2138 1031 2242 scrip7

71 2249 142 2322 sisse
160 2251 196 2321 P.
211 2250 370 2324 Canutius
389 2268 546 2348 putatur,
570 2250 715 2348 aequalis·
723 2275 816 2324 meus
827 2302 838 2337 ‚
851 2248 958 2319 homo
978 2271 1031 2326 εκ,

72 2378 121 2432 tra
145 2358 294 2431 nostrum
329 2359 504 2450 ordinem,
547 2384 625 2431 meo
654 2357 780 2434 iudicio
801 2356 1031 2429 disertiffimuu

72 2471 173 2567 ipsius
191 2471 328 2580 Squicii·
337 2472 424 2544 nulia
433 2472 543 2545 oratio
556 2470 617 2564 est:
653 2471 812 2568 saepeque
826 2495 870 2541 eu
882 2493 923 2541 eo
932 2470 1031 2541 audi-

72 2583 133 2671 vi,
155 2609 233 2655 cum
252 2581 285 2654 se
309 2582 452 2656 scribere
468 2608 575 2681 neque
601 2580 787 2671 consuesse,
809 2605 917 2680 neque
930 2580 1032 2678 posse

71 2687 208 2759 diceret.
256 2687 378 2760 Cottae
398 2689 532 2786 prose,
553 2689 623 2788 lege
634 2687 755 2779 Varia,
780 2713 865 2786 quae
881 2689 1032 2762 inscribi-

72 2821 144 2886 tur,-
173 2823 244 2870 eam
259 2796 297 2870 h
315 2800 428 2874 Aelius
440 2799 564 2898 scripsit
585 2802 708 2878 conae
733 2823 861 2901 rogatu.
911 2804 987 2875 Fuit
1004 2804 1032 2876 is

49 2911 216 2986 .omnino
241 2912 474 3012 viregregius,
512 2932 553 2986 et·
568 2933 668 3013 eques
685 2917 855 3025 Rpmanus
874 2940 950 2987 cum
964 2916 1031 3011 pri-

72 3027 138 3100 mis
151 3025 323 3118 honestus,
345 3028 501 3125 idemque
518 3029 746 3103 eruditissimus
765 3026 944 3101 eaGraeei's
956 3021 1031 3095 liic·

71 3137 138 3223 ris,
160 3154 193 3207 et
206 3135 355 3221 Latinis3
378 3137 639 3238 antiquitatisque
662 3135 790 3210 nostrae
812 3155 845 3206 et
867 3133 901 3202 in
914 3133 1033 3204 inven-
1072 3179 1076 3189 ·

52 3244 116 3321 ¹tis
142 3247 255 3336 rebus,
280 3246 360 3319 etin
374 3247 469 3333 auis)
498 3246 763 3344 scriptorumque
784 3260 934 3320 veterum
957 3241 1032 3315 lite-

71 3377 146 3432 rate
170 3358 307 3455 peritus.
337 3383 438 3456 quam
458 3357 629 3431 scientiam
644 3361 755 3430 Varro
779 3354 888 3427 noster
915 3379 1033 3449 accep.-
1081 3407 1084 3418 .

71 3488 143 3540 tam
157 3468 202 3538 ab
223 3466 280 3539 illo
295 3486 320 3556 ‚·
331 3468 521 3564 ausimnque
536 3490 595 3562 per
606 3463 669 3537 sese
684 3517 695 3554 ‚
722 3463 776 3539 vir
789 3465 922 3563 ingenio
936 3487 1033 3560 prae·

70 3580 163 3652 stans
189 3578 348 3674 omnique
381 3577 550 3664 dosirina,
575 3575 722 3672 pluribus
749 3593 782 3647 et
809 3571 1034 3645 ilhistrioribus
1121 3674 1125 3680 Ι

69 3687 177 3761 literis
200 3686 395 3783 explicavit.
415 3686 478 3758 Sed
494 3687 581 3757 idem
604 3684 713 3759 Aelius
738 3681 949 3758 Stoicusesse
964 3705 1035 3754 uo-
1056 3704 1103 3755 κού

67 3801 160 3887 suit;
191 3817 306 3873 orator
329 3819 437 3872 autem
460 3823 522 3870 nec
538 3797 670 3890 studuit
684 3821 850 3895 unquam,
877 3791 1034 3867 nec-fue
1091 3878 1095 3882 ,
