2302 4304
370 270 595 385 uidex
643 316 723 389 111.
950 337 1017 421 ²45

42 440 157 573 snique
176 471 223 549 ilii
249 472 371 562 etiam',
395 476 451 573 qui
477 474 626 552 secenmt
643 478 787 565 modos,
817 470 966 578 aquibus
977 509 1020 555 u·
1132 506 1139 514 “

56 586 180 685 trisque
212 585 428 661 summittitur
455 590 603 688 aliquid,
627 591 754 682 deinde„
765 615 925 690 augetur,
961 620 1021 669 ex·

57 697 578 791 tenuatur‚inflatur,variatur,
603 698 822 800 distinguitur.
847 708 894 776 Ita
906 705 945 780 fit
957 732 1021 779 no·
1043 737 1088 792 103

57 808 106 882 bie
118 809 222 908 igitur
234 827 370 883 ornatus
391 829 424 884 et
433 811 540 888 suavis
561 829 697 904 orator,
724 812 815 912 (nec
835 834 947 890 tamen
956 843 1023 914 po-

58 918 119 991 test
140 920 235 992 aliter
256 919 367 1019 essm)
396 939 435 994 ut
461 921 652 995 suavitatem
676 923 795 998 habeat
818 925 976 999 austeram
989 944 1025 1000 et

57 1030 219 1118 solidam,
241 1055 312 1103 non
338 1030 467 1106 dulcem
480 1054 579 1129 atque
591 1032 774 1108 decoctam.
799 1060 875 1108 nam
893 1036 961 1132 ipsa
981 1035 1027 1114 ad

57 1145 246 1235 ornandum
258 1163 459 1242 praecepta,
483 1170 570 1247 quae
582 1146 724 1237 dantur,
742 1146 903 1220 eiusmodi
921 1148 1022 1238 sunt,

58 1271 94 1325 ut
116 1279 178 1344 ea,
219 1255 374 1352 quamvis
419 1253 654 1355 vitiostffimus'
674 1277 813 1348 orator,
863 1257 1026 1355 explicare

58 1366 169 1463 poffit.
218 1371 352 1462 Quare,
378 1384 416 1442 ut
429 1387 505 1443 ante
519 1368 611 1459 dixi,
635 1372 780 1468 primum
808 1373 887 1445 sdva
911 1398 1023 1448 rerum
1047 1399 1048 1403 ’

59 1501 100 1548 ac
128 1475 361 1549 sententiarum
376 1480 600 1576 comparanda
616 1480 679 1571 est,
703 1507 768 1580 qua
781 1482 822 1554 de
839 1499 929 1579 parte
941 1483 1024 1557 dixit

56 1586 237 1660 Antonius.
261 1586 344 1660 haec
357 1585 603 1661 fonnandafflo
629 1591 702 1688 ipso
714 1611 747 1664 et
759 1619 876 1691 genere
892 1593 1046 1666 orati0··
1097 1607 1099 1610 ’

58 1693 130 1784 nis,
156 1693 372 1770 illuminanda
394 1700 528 1789 verbis,
554 1701 711 1775 varianda
726 1703 901 1777 sententiis.

58 1847 60 1850 ·
105 1805 245 1876 Summa
253 1824 363 1880 autem
371 1807 439 1880 laus
451 1808 659 1906 eloquentiae
671 1808 729 1896 est²
742 1806 941 1906 amplificare
953 1831 1024 1880 rem
1045 1840 1090 1895 104

56 1914 240 2008 ornando,
264 1917 359 2016 quod
375 1915 465 1995 valet
482 1940 551 1988 non
570 1916 676 1990 solum
693 1919 736 1990 ad
751 1919 938 2018 augendum
963 1919 1023 1990 ali-

58 2027 140 2126 quid
155 2047 190 2102 et
202 2029 387 2104 tollendum
406 2028 513 2120 altius,
527 2028 688 2120 dicendo,
715 2030 770 2103 sed
795 2031 892 2104 etiam
907 2030 949 2102 ad
965 2054 1024 2102 ex·

57 2137 262 2211 tenuandum
281 2159 379 2234 atque
393 2134 624 2210 abiiciendum.
668 2134 712 2208 ·Id
734 2134 934 2208 defideratur
947 2160 1024 2208 om·
1046 2145 1093 2231 ιχ

57 2246 155 2320 nibus
175 2243 216 2317 iis
245 2244 280 2317 in
302 2243 406 2336 locis,
430 2267 516 2341 quos
536 2243 578 2315 ad
594 2242 696 2314 fidem
724 2243 886 2316 orationis
901 2243 1029 2314 sacien-

58 2358 135 2429 dam
157 2355 308 2431 adhiberi
323 2357 408 2431 dixit
430 2355 621 2445 Antonius,
646 2352 701 2425 vel
727 2378 803 2425 cum
816 2354 1027 2449 explanamus

57 2467 206 2564 aliquid,
230 2470 286 2546 vel
295 2496 371 2543 cum
383 2471 600 2565 ¹conciliamus
613 2469 767 2553 animos,
784 2467 839 2541 vel
853 2492 930 2540 cum
941 2491 1026 2540 con·
1060 2495 1066 2506 ’

57 2575 212 2650 citamus.
260 2577 323 2651 Sed
348 2578 384 2651 in
402 2579 495 2668 hoc,
519 2576 611 2676 quod
620 2573 827 2674 postremum
841 2574 926 2665 dixi,
953 2600 1090 2650 alm-105

60 2682 224 2781 psificatio
250 2685 359 2783 potest
386 2685 592 2783 plurimum,
616 2709 720 2783 eaque
740 2707 805 2757 una
825 2683 896 2758 laus
912 2705 1028 2760 orato-
1112 2750 1115 2756 .

58 2793 104 2866 ris
121 2791 171 2865 est
190 2794 327 2890 propria
339 2794 495 2871 maxime.
543 2793 663 2868 Etiam·
673 2793 784 2867 maior
801 2791 848 2867 est
860 2793 914 2868 illa
929 2818 1028 2868 exer·

58 2901 202 2992 citatio,
233 2925 334 3000 quam
347 2921 499 2977 extremo
510 2896 675 2986 sermone
688 2901 839 2975 mstnnit
863 2903 1029 2976 Antonius
1122 2971 1126 2984 ἶ

61 3010 195 3109 (primo
221 3011 406 3114 reiiciehat)
430 3013 584 3089 laudandi
605 3034 639 3091 et
666 3013 888 3110 vituperandi.
936 3013 1029 3086 Nihil

59 3119 107 3192 est
125 3121 217 3194 enim
238 3123 280 3195 ad
304 3124 564 3224 exaggerandam
577 3143 611 3200 et
627 3122 891 3221 amplificandam
903 3123 1029 3197 oratio·
1080 3147 1084 3155 ·
1118 3164 1120 3168 Δ

59 3256 138 3304 nem
158 3232 470 3324 accommodatius,
504 3235 611 3331 quam
633 3248 808 3328 utriunque
833 3229 955 3302 horum
968 3257 1029 3304 cud

60 3340 268 3415 medatiffnne
288 3340 397 3417 facere
419 3342 531 3442 posse„
592 3341 845 3439 Consequentur
862 3341 962 3416 etiam
982 3343 1028 3415 illi
1048 3348 1096 3403 10⁶

60 3454 153 3546 loci,
177 3455 236 3554 qui
257 3477 458 3556 quamquam
480 3453 611 3556 proprii
634 3454 830 3547 causarum,
859 3472 892 3529 et
917 3455 1028 3529 inhae-
1096 3529 1098 3533 .

60 3582 170 3636 rentes
189 3563 225 3636 in
246 3586 360 3637 earum
382 3563 495 3667 neruis
516 3562 583 3638 esse
601 3563 747 3654 debent,
773 3580 883 3638 tamen
897 3561 1032 3658 quiade

61 3675 214 3750 universa
236 3675 426 3751 retraetari
448 3675 576 3761 solent,
610 3701 787 3749 communes
828 3668 1035 3746 aveteribm
1059 3698 1062 3703 ’

33 3876 36 3881 .
58 3782 226 3858 nominati
242 3782 338 3860 sunt:
363 3807 507 3888 quorum
530 3782 655 3878 partim
666 3781 789 3857 habent
806 3775 975 3853 vitiorum
995 3792 1031 3850 et
1121 3805 1123 3809 ·

784 3877 980 4011 Qt¹
