2302 4304
92 306 196 410 qm
448 301 813 380 taurus

62 519 109 573 332
125 474 256 552 virtutis
274 498 351 547 cum
367 454 491 549 summa
510 465 717 563 eloquentiae
732 461 830 536 laude
850 452 1019 536 binniffes
1041 466 1090 537 Ex

126 604 159 658 te
180 584 304 678 duplex
324 604 385 652 nos
405 578 507 651 afficit
531 573 717 649 sollicitudo
733 571 861 693 quod
883 592 917 646 et
943 572 1039 668 ipse
1039 599 1090 645 re·

126 698 260 826 publica
286 702 416 784 careas,
441 705 475 765 et
495 691 550 763 illa
566 710 609 764 te.
659 627 748 760 Tui
731 709 842 760 tamen
864 683 948 783 (e'tfi
963 687 1100 760 cursum'

124 808 258 906 ingenii
272 808 347 893 tui,
373 807 496 892 Brute,
520 798 640 898 premit
656 799 738 870 haec
764 797 959 890 importuna
983 797 1088 872 clades

119 915 297 1014 civitatis)
335 915 468 990 contine
487 932 521 986 te
542 911 577 984 in
594 912 659 985 tuis
683 908 884 1007 perennibus
904 909 1016 985 studiis
1030 967 1041 1002 ,
1055 932 1087 989 et

125 1031 219 1103 effice
236 1030 292 1119 id,
317 1026 484 1125 quodiam
506 1022 775 1121 propemodum,
798 1023 853 1093 vel
865 1021 965 1117 plane
980 1027 1086 1120 potius
1120 1050 1121 1055 ’

127 1139 306 1228 effeceras,
326 1157 363 1211 ut
381 1158 414 1215 te
441 1135 560 1233 eripias
583 1158 626 1206 ex
649 1156 707 1221 ea,
734 1157 834 1229 quam
852 1157 918 1231 ego
941 1136 1084 1233 congessi

128 1251 163 1321 in
182 1252 268 1323 hunc
282 1249 492 1339 sermonem,
516 1245 613 1320 turba
630 1266 861 1341 patronorum.
912 1244 988 1316 Nec
1001 1246 1085 1318 enirn

129 1360 225 1432 decer
249 1380 305 1447 te,
330 1379 485 1431 ornatum
499 1356 673 1435 uberrimis
686 1354 827 1439 artibus,
840 1372 923 1451 quas
937 1380 1015 1426 cum
1028 1356 1083 1427 do·

127 1491 185 1537 ino
217 1464 347 1537 haurire
370 1484 441 1536 non
467 1465 601 1561 posses,
636 1460 823 1536 arcessivisti
853 1487 898 1536 ex
924 1465 1082 1554 orbeca,

18 1585 23 1593 '
126 1601 209 1698 quae
228 1558 346 1648 domus
360 1575 408 1649 est
430 1575 557 1673 semper
570 1573 680 1646 habita
698 1573 893 1664 dominae,
920 1576 1083 1649 numerari

103 1683 162 1756 rin
174 1687 281 1784 vulgo
290 1703 520 1782 patronorum
569 1688 657 1759 Nam
678 1685 759 1783 quid
771 1706 805 1757 te
827 1710 978 1761 exercuit
989 1690 1081 1761 Pam

127 1818 260 1885 menes,
293 1795 347 1867 vir
364 1794 464 1891 longe
496 1791 773 1890 eloquentillimus
795 1793 982 1866 Graeciae?
1007 1793 1081 1891 quid

129 1901 183 1974 illa
197 1923 292 1979 vetus
315 1905 516 1997 Academia,
541 1922 637 2000 atque
647 1903 716 1977 eius
728 1903 823 1978 heres
835 1901 988 1994 Aristus,
1012 1903 1080 1975 hos·

127 2039 186 2110 pes
198 2015 405 2090 etfamiliaris
421 2043 535 2106 meus,
557 2017 717 2116 siquidem
729 2015 846 2089 similes
861 2018 999 2090 maioris
1010 2043 1081 2114 par·

62 2148 108 2203 33³
127 2124 168 2198 tis
181 2148 352 2199 oratorum
379 2127 482 2203 futuri
499 2129 632 2202 sumus?
665 2132 788 2201 Nonne
810 2129 1004 2220 cernimus,
1027 2130 1082 2201 vix

126 2234 259 2335 singulis
289 2237 446 2310 aetatibus
480 2237 579 2309 binos
614 2256 764 2308 oratores
797 2233 973 2308 laudabiles
999 2260 1079 2309 con·

50 2412 57 2435 N
127 2339 235 2412 stitisse
251 2341 264 2413 i
292 2343 396 2414 Galba
409 2341 470 2415 fuit
483 2342 629 2414 insertor
643 2340 793 2440 aequales
805 2361 891 2414 unus
903 2341 1076 2414 excellens:
1119 2422 1121 2427 A

102 2451 197 2539 cui,
225 2451 505 2547 quemadmodum
532 2451 717 2548 accepimus
729 2503 741 2540 ‚
776 2468 809 2521 et
832 2452 922 2522 Cato
944 2450 1079 2523 cedebat

48 2637 50 2644 ,
125 2559 242 2630 senior.
288 2576 321 2629 et
352 2561 409 2656 qui
438 2560 643 2656 temporibus
667 2559 729 2631 illis
763 2577 868 2632 aetate
909 2559 1081 2631 inferiores

125 2667 278 2754 fuerunt,
292 2669 434 2766 Lepidus
449 2669 580 2767 postea,
600 2669 719 2742 deinde
730 2669 842 2742 Carbo
856 2695 865 2739 z
890 2694 967 2739 nani
974 2671 1077 2740 Grac-

124 2778 178 2848 chi
195 2779 229 2847 in
247 2780 464 2854 concionibus
483 2783 588 2855 multo
604 2781 750 2855 faciliore
764 2806 797 2855 et
810 2782 967 2854 liberiore
982 2808 1077 2880 gene-

123 2909 161 2956 re
175 2884 304 2956 dicendi
317 2911 329 2970 ;
352 2911 496 2983 quorum
523 2907 633 2963 tamen
647 2889 792 2986 ipsoriun
801 2888 844 2960 ad
858 2906 998 2962 aetatem
1012 2891 1075 2962 laus

124 2995 329 3095 eloquentiae
344 2997 486 3093 perseda
499 3002 649 3072 nondum
664 3001 750 3074 fuit:
775 3000 965 3092 Antonius,
979 2999 1073 3073 Cras-

124 3107 198 3196 sus,
221 3105 295 3203 post
311 3108 439 3198 Cotta,
458 3109 638 3205 Sulpicius,
660 3109 876 3187 Hortensius:
907 3111 989 3184 nibil
1002 3111 1075 3183 dico

122 3217 283 3310 amplius.
307 3237 434 3290 tantum
462 3219 564 3308 dice,
592 3221 722 3297 srmihi
749 3221 939 3310 accidisset,
964 3239 1003 3293 ut
1021 3246 1073 3292 nu·

120 3352 265 3399 merarer
281 3330 317 3400 iri
338 3331 472 3423 multis,
498 3333 551 3403 *si
566 3336 705 3434 operosa
718 3335 765 3411 est
778 3336 989 3413 concursatio
1008 3360 1072 3410 nra·

121 3438 171 3536 gis
184 3459 482 3537 opportiuiorum,
509 3450 573 3487 Μ

361 3769 844 3795 *Ἢ*
