2304 4304
388 239 728 338 ttuuxrss·
945 269 1022 366 ,9

52 425 251 504 *seruulus
263 448 457 526 proponere
481 421 625 499 solebam
647 424 735 498 illam
748 420 1023 536 exercitapionem
1044 454 1091 505 ¹5⁴

59 540 231 631 maxime,
257 564 322 637 qua
337 539 379 609 C.
401 536 615 639 Carbonem,
642 535 789 621 nostrtun
801 521 902 613 'illurn
915 541 1024 614 inimi·

59 674 155 741 cunt,
182 649 314 723 solittun
328 645 454 722 essenti
473 647 639 738 sciebam,
659 665 696 720 ut
710 669 766 721 aut
784 650 929 725 versibus
942 679 1024 750 pro-

60 753 172 850 posrtis
186 782 286 854 quam
302 756 446 828 maxime
464 756 640 854 gravibus,
673 774 732 827 aut
749 755 902 830 oratione
916 761 1025 858 aliqua

61 863 137 936 leda
160 866 203 937 ad
222 891 298 937 eum
319 865 444 956 linem,
467 892 567 964 quem
590 866 754 939 memoria
780 867 909 963 possem
936 896 1026 943 com·

60 977 285 1072 prehendere,
301 1003 375 1048 eam
403 1003 474 1050 rem
493 978 619 1074 ipsam,
642 1002 743 1075 quarn
757 976 931 1074 legissem,
953 1005 1027 1054 ver·

61 1084 106 1160 bis
119 1088 192 1160 aliis
210 1114 311 1186 quam
325 1090 469 1162 maxime
487 1088 616 1185 possem
630 1086 740 1178 lectis,
763 1089 1027 1185 pronuntiarem}

62 1195 112 1269 sed
124 1194 203 1294 post
215 1198 456 1289 animadverti,
482 1200 550 1273 hoc
569 1198 635 1272 else
662 1199 698 1271 in
720 1199 787 1273 hoc
814 1201 910 1292 vitii,
932 1200 1026 1300 quod
1065 1230 1072 1243 ·

62 1334 96 1381 ea
118 1311 252 1402 verba,
288 1336 372 1408 quae
409 1310 555 1384 maxime
590 1312 747 1409 cuiusque
783 1312 831 1384 rei
863 1310 1027 1411 propria,

62 1439 210 1516 quaeque
225 1417 329 1491 essent
342 1418 564 1505 ornatiffirna‚
586 1442 684 1517 atque
697 1418 845 1515 optima,
861 1409 1026 1516 occupas-⁵
1052 1506 1055 1513 .

61 1528 129 1621 set,
149 1547 213 1606 ‚aut
236 1530 381 1620 Ennius,
402 1529 427 1601 st
447 1530 576 1603 adeius
596 1526 711 1602 versus
738 1554 791 1600 me
810 1553 1025 1622 exercerem,

60 1635 115 1735 aut
127 1640 327 1726 Gracchus,
366 1639 390 1711 s1
422 1642 492 1714 eius
515 1641 702 1713 orationem
727 1639 808 1710 mihi
835 1638 924 1713 forte
945 1645 1027 1739 pro'·
1083 1724 1086 1730 ,

59 1749 248 1848 posuissem.
273 1752 347 1844 ita,
367 1749 394 1824 st
411 1753 528 1826 iisdem
546 1751 657 1827 verbis
682 1773 813 1837 uterer,
829 1752 920 1824 ‚nihil
943 1778 1026 1849 pro·
1096 1804 1101 1812 ·

60 1861 174 1948 desse3
201 1861 230 1932 si
245 1862 340 1952 aliis,
376 1863 476 1936 etiam
507 1861 645 1951 obesse,
673 1888 749 1934 cum
768 1856 876 1937 minus
897 1861 1027 1939 idoneit¹

31 2009 33 2015 ¹
60 1975 110 2047 uti
124 1971 382 2048 consuescerem.
430 1968 546 2049 Postea
565 1973 648 2046 mihi
666 1972 807 2071 placuit,
833 1999 941 2072 eoque
955 1975 1026 2051 sum
1046 1969 1109 2047 ’π’

61 2082 138 2156 usus
164 2079 379 2173 adolescens,
398 2102 447 2157 'ut
482 2083 688 2157 summorum
724 2103 897 2157 oratorum
923 2088 1028 2157 Grae·

56 2219 117 2266 cas
131 2193 299 2266 orationes
317 2191 525 2290 explicarem.
563 2193 682 2290 quibus
694 2193 784 2267 ledis
797 2195 864 2267 hoc
879 2195 1028 2290 asseque-

33 2306 149 2395 Μ,
171 2322 235 2395 ut,
262 2329 337 2378 cum
369 2329 432 2393 ea,
459 2329 542 2400 quae
565 2301 710 2398 legerem
738 2302 1028 2395 Graece·,latine

64 2413 258 2500 redderem,
281 2437 350 2485 non
362 2410 467 2484 solum
488 2410 625 2506 optimis
638 2409 751 2481 verbis
769 2428 901 2499 uteret,
923 2429 957 2482 et
975 2428 1027 2483 ta·
1059 2486 1062 2494 ι
1094 2428 1096 2433 ·

66 2551 144 2606 men
170 2523 316 2614 auratis,
341 2522 397 2595 sed
418 2523 517 2595 etiam
531 2519 752 2615 exprimerem
771 2517 930 2620 quaedam
948 2547 1027 2595 ver-

66 2638 108 2711 ba
121 2636 305 2725 imitando,
332 2659 417 2732 quae
441 2657 532 2705 nova
550 2630 670 2706 nostris
697 2633 820 2721 essent,
841 2635 1029 2708 dummodo

66 2743 308 2818 effentidonea.
331 2736 536 2828 Iam-vocis,
560 2759 594 2812 et
611 2737 765 2837 spiritus,
788 2762 822 2814 et
834 2743 937 2814 totius
947 2766 1027 2815 cor·
1049 2746 1095 2816 15⁶

66 2855 185 2952 poris,
206 2870 240 2924 et
248 2849 346 2948 ipstus
357 2850 485 2948 linguae
498 2867 652 2922 motuset
671 2850 946 2949 exercitationes,
959 2871 1030 2921 non

63 2992 136 3043 tam
159 2968 237 3042 artis
256 2963 428 3064 indigent,
448 2989 547 3063 quam
570 2963 719 3051 laboris;
743 2963 862 3062 quibus
883 2965 918 3034 in
934 2959 1031 3034 rebus
1048 3030 1050 3035 ,

66 3077 219 3150 habenda
233 3073 279 3147 est
299 3069 387 3146 ratio
406 3072 606 3170 diligenter,
633 3094 719 3169 quor
734 3068 922 3154 imitemur,
944 3090 1032 3166 quo·

67 3214 147 3262 rum
164 3186 281 3260 similes
294 3180 434 3261 velimus
447 3180 522 3258 else.
570 3181 723 3255 lntttendi
742 3178 840 3254 nobis
862 3177 935 3250 sunt
962 3202 1032 3252 non

68 3293 177 3367 solum
200 3311 373 3381 oratores,
399 3289 454 3362 sed
482 3280 581 3360 etia'tn
611 3287 758 3376 adores,
790 3307 832 3355 ne
849 3283 934 3355 mala
949 3308 1034 3357 con·

68 3404 240 3484 suetudine
261 3403 307 3480 ad
331 3401 472 3500 aliquam
499 3394 755 3472 deformitatem.
768 3392 1033 3492 pravitatemque

70 3514 256 3590 veniamus.
277 3508 529 3587 Exercendrrest
542 3508 640 3582 etiam
651 3502 837 3596 memoria,
854 3500 1034 3577 ediscendis
1053 3521 1100 3579 ¹5⁷.

71 3627 116 3698 ad
142 3622 285 3703 verbum
303 3650 404 3724 quam
417 3620 565 3721 plurimis
577 3638 621 3693 et
634 3616 751 3691 nostris
766 3613 892 3713 scriptis
913 3634 946 3682 et
961 3607 1034 3680 alie·

73 3736 136 3810 nis.
186 3737 295 3836 Atque
316 3736 353 3808 in
366 3758 405 3807 ea
427 3730 662 3825 exercitatione
675 3754 747 3806 non
768 3725 843 3798 sane
864 3718 947 3794 mihi
967 3715 1033 3794 dis·

127 3836 225 3907 Cicer.
252 3837 346 3929 Oper.
372 3836 444 3906 Vol.
472 3830 545 3947 II..¹
717 3868 720 3875 ,
801 3820 839 3891 D
1023 3847 1025 3853 ¹
