2302 4304
378 269 699 348 ORATOR
946 299 1016 373 4η

56 429 195 515 summa
216 452 293 507 ctrm
318 394 535 532 delellatione
561 453 594 506 et
616 425 841 559 aridioritatem
872 436 1017 546 orationi
1092 476 1094 479 ·

66 545 191 637 affert,
199 563 234 618 et
252 543 400 617 fidem·

112 654 201 728 Sic
192 653 293 751 igitur
316 649 495 726 inllrudius
519 651 630 727 veniet
653 649 693 723 ad
715 649 846 722 causas:
878 659 1018 747 quarum
1038 683 1079 720 ιιι

63 766 201 845 babebit
229 789 348 864 genera
373 765 516 860 primum
543 763 611 860 ipsa
634 763 776 860 cognita.
796 762 859 835 erit
881 764 968 835 enim
990 767 1021 840 ei

11 870 16 879 ⁵
62 876 293 974 perspedium,
318 873 400 945 nihil
425 874 548 972 ambigi
568 873 659 971 polle
669 892 683 963 ,‘
707 872 743 944 in
771 898 840 970 quo
866 895 939 945 non
967 893 1021 948 aut

63 1012 121 1061 res
143 985 402 1060 controverfiam
424 986 537 1076 saciat,
564 1010 619 1061 aut
640 987 752 1061 verba.
801 988 886 1078 Res,
908 1006 964 1061 aut
980 990 1021 1062 de

11 1132 22 1145 ·
63 1123 169 1187 veno,
188 1115 242 1170 aut
258 1099 300 1169 de
314 1101 426 1188 redo,
443 1115 503 1179 aut
516 1099 555 1170 de
574 1100 719 1172 nomine.
768 1100 895 1190 Verba,
917 1102 1021 1186 autde

62 1211 241 1309 ambiguo,
266 1231 322 1283 aut
345 1212 385 1282 de
404 1211 583 1286 contrario.
631 1214 718 1286 Nam
736 1213 761 1284 ιι
780 1214 914 1310 quando
935 1215 1022 1288 aliud

62 1314 101 1391 in
121 1317 279 1391 sententia
296 1318 429 1391 videtur
447 1317 529 1409 effe,
549 1318 636 1390 aliud
653 1318 688 1390 in
706 1319 837 1405 verbis,
861 1346 963 1418 genus
974 1320 1036 1394 ests

63 1429 235 1526 quoddam
258 1429 404 1526 ambigui
413 1465 432 1519 ,·.
450 1426 549 1526 quod
560 1453 602 1500 ex
624 1429 802 1524 praeterito
826 1430 934 1508 verbo
948 1429 1021 1504 fieri

62 1537 171 1612 solet:
199 1539 237 1609 in
255 1563 342 1635 quo,
375 1539 469 1634 quod
493 1537 539 1609 est
568 1537 800 1634 ambiguorum
827 1541 1020 1636 proprium,

62 1675 118 1723 tes
135 1648 214 1722 duas
233 1646 408 1746 significari
424 1648 584 1722 videmus.
631 1637 723 1719 Cum
744 1666 812 1719 tam
835 1675 939 1745 pauca
958 1651 1020 1725 sint
1037 1672 1078 1753 35

61 1757 192 1858 genera'
205 1759 394 1845 causarum,
423 1759 523 1830 etiam
548 1776 817 1856 argumentorum
847 1782 1020 1858 praecepta
1037 1794 1083 1830 ιιι

61 1896 171 1968 pauca
180 1870 263 1943 sunt.
272 1869 477 1965 traditisunt,
489 1869 636 1966 'equibus
648 1887 685 1939 ea
691 1869 862 1959 ducantur,
877 1871 1022 1967 duplices

61 1981 155 2055 loci:
171 1979 472 2075 unierebusipsrs,
486 1978 728 2053 alteriaffumti
736 1980 931 2053 Ttallatio
922 1984 1021 2080 igitur

61 2115 178 2165 rerum
195 2089 295 2161 efficit
316 2086 595 2160 admirabiliorem
618 2088 817 2159 orationem
838 2117 915 2161 nam
935 2088 1037 2195 ipsae*

60 2199 200 2299 quidem
217 2221 269 2268 res
290 2194 326 2266 iu
345 2190 493 2290 perlacili
518 2195 711 2290 cognitione
734 2195 913 2268 versantur.
941 2192 1022 2296 quid

27 2294 31 2300 ⁸
61 2309 156 2383 enim
172 2309 239 2380 iem
258 2306 422 2431 sequimr,
449 2305 543 2402 quod
562 2304 696 2402 quidem
719 2306 796 2376 artis
810 2305 865 2395 fit,
889 2307 947 2380 nifi
961 2333 1022 2380 or·

62 2418 138 2503 cliri-
148 2416 354 2505 orationem,
381 2416 416 2491 in
431 2434 502 2511 quo
520 2431 575 2485 aut
592 2412 787 2485 concilietur
802 2415 950 2505 auditor,
967 2434 1023 2489 aut

60 2524 225 2621 erigatur,
250 2540 288 2594 ut
307 2539 399 2618 paret
422 2521 454 2595 se
479 2517 754 2599 addiscendum?
784 2548 856 2594 rem
875 2525 1023 2599 breviter
1098 2544 1100 2550 '

60 2659 248 2733 exponere,
273 2658 306 2707 et
323 2629 566 2731 probabiliter,
591 2648 624 2707 et
645 2655 777 2730 aperte,
800 2629 857 2727 ιιι,
882 2640 962 2735 quid
984 2666 1022 2711 a·

62 2767 179 2848 gurm,
202 2747 340 2845 intelligi
362 2741 478 2844 poffiti
503 2747 558 2822 sua
583 2746 809 2821 confirmare?
840 2752 1022 2828 adversaria
1101 2789 1103 2792 ’

60 2857 238 2934 evertere?
271 2883 375 2954 eaque
397 2859 525 2931 efficere
550 2883 620 2931 non
642 2859 849 2956 perturbate,
877 2863 931 2935 sed
955 2861 1022 2935 sm·

61 2968 150 3068 gulis
162 2965 498 3068 argumentationibus
515 2969 560 3042 ita
573 2969 827 3058 concludendis,
853 2988 889 3042 ut
901 2974 1023 3045 efficie-

61 3094 123 3151 tur
148 3079 242 3176 quod
266 3079 305 3150 fit
335 3079 535 3176 consequens
565 3081 629 3170 iis,
668 3101 751 3176 quae
783 3080 948 3151 sumentur
979 3080 1024 3156 ad

60 3211 234 3284 quamque
252 3213 323 3259 rem
348 3187 632 3261 confirmandam?
658 3186 732 3282 post
750 3183 863 3257 omnia
882 3210 1022 3285 perora·

61 3292 195 3365 tionem
219 3293 499 3386 inflammantem,
529 3296 823 3392 restinguentemve
843 3301 1022 3377 conclude·
1108 3360 1109 3364 ι

62 3402 128 3478 rel
152 3404 219 3476 Has
237 3429 344 3502 partes
357 3407 636 3503 quemadmodum
656 3402 943 3503 tradetfingulas,
957 3403 1022 3480 dif-

63 3511 158 3586 ficile
175 3515 264 3587 dieu
286 3516 333 3588 est
352 3518 419 3590 hoc
436 3519 525 3589 loco,
543 3535 605 3589 nec
629 3519 718 3589 enim
736 3517 863 3617 semper
876 3522 1020 3593 tractan-

64 3635 123 3691 tur
143 3645 215 3692 uno
239 3621 355 3696 modo.
403 3620 583 3713 Quoniam
593 3639 807 3713 autemnon,
840 3651 939 3720 quem
959 3629 1020 3701 do
1037 3662 1080 3721 ιι,

64 3755 185 3820 ceam,
211 3756 355 3829 quaero,
380 3730 437 3804 sed
459 3753 558 3828 quem
582 3735 792 3833 probem3p
793 3729 921 3812 robabo
948 3739 1020 3837 pri·

149 3831 244 3900 Cicer
270 3832 363 3922 Oper.
388 3834 459 3899 Vol.
480 3831 531 3903 ΙΙ.
769 3762 833 3902 Ff
