<?xml version="1.0" encoding="UTF-8"?>
<!DOCTYPE html PUBLIC "-//W3C//DTD XHTML 1.0 Transitional//EN"
    "http://www.w3.org/TR/xhtml1/DTD/xhtml1-transitional.dtd">
<html xmlns="http://www.w3.org/1999/xhtml" xml:lang="en" lang="en">
 <head>
  <title>
</title>
<meta http-equiv="Content-Type" content="text/html;charset=utf-8" />
  <meta name='ocr-system' content='tesseract 3.04.00' />
  <meta name='ocr-capabilities' content='ocr_page ocr_carea ocr_par ocr_line ocrx_word'/>
</head>
<body>
  <div class='ocr_page' id='page_1' title='image "./mtulliiciceroni00plutgoog_0163.png"; bbox 0 0 2302 4304; ppageno 0'>
   <div class='ocr_carea' id='block_1_1' title="bbox 35 294 896 419">
    <p class='ocr_par' dir='ltr' id='par_1_1' title="bbox 35 294 896 419">
     <span class='ocr_line' id='line_1_1' title="bbox 35 294 896 419; baseline -0.001 -46"><span class='ocrx_word' id='word_1_1' title='bbox 35 368 38 373; x_wconf 83' lang='lat'>.</span> <span class='ocrx_word' id='word_1_2' title='bbox 152 299 219 399; x_wconf 70' lang='lat'>15⁶</span> <span class='ocrx_word' id='word_1_3' title='bbox 388 298 477 372; x_wconf 78' lang='lat' dir='ltr'>nr</span> <span class='ocrx_word' id='word_1_4' title='bbox 525 294 896 419; x_wconf 66' lang='lat' dir='ltr'>oren-none</span> 
     </span>
    </p>
   </div>
   <div class='ocr_carea' id='block_1_2' title="bbox 18 448 1121 3864">
    <p class='ocr_par' dir='ltr' id='par_1_2' title="bbox 80 448 1113 1010">
     <span class='ocr_line' id='line_1_2' title="bbox 80 448 1112 548; baseline -0.001 -11"><span class='ocrx_word' id='word_1_5' title='bbox 80 484 128 537; x_wconf 77' lang='lat'>203</span> <span class='ocrx_word' id='word_1_6' title='bbox 146 462 186 535; x_wconf 86' lang='lat' dir='ltr'>ad</span> <span class='ocrx_word' id='word_1_7' title='bbox 208 479 241 535; x_wconf 85' lang='lat' dir='ltr'>re</span> <span class='ocrx_word' id='word_1_8' title='bbox 265 448 464 535; x_wconf 86' lang='lat' dir='ltr'>audiendum</span> <span class='ocrx_word' id='word_1_9' title='bbox 487 460 608 536; x_wconf 78' lang='lat' dir='ltr'>viimi</span> <span class='ocrx_word' id='word_1_10' title='bbox 636 462 726 535; x_wconf 83' lang='lat' dir='ltr'>Ecce</span> <span class='ocrx_word' id='word_1_11' title='bbox 744 477 874 548; x_wconf 84' lang='lat' dir='ltr'>autem,</span> <span class='ocrx_word' id='word_1_12' title='bbox 897 484 976 534; x_wconf 71' lang='lat' dir='ltr'>cerm</span> <span class='ocrx_word' id='word_1_13' title='bbox 994 481 1029 536; x_wconf 85' lang='lat' dir='ltr'>re</span> <span class='ocrx_word' id='word_1_14' title='bbox 1054 459 1112 535; x_wconf 89' lang='lat' dir='ltr'>ni·</span> 
     </span>
     <span class='ocr_line' id='line_1_3' title="bbox 145 573 1113 672; baseline 0.001 -24"><span class='ocrx_word' id='word_1_15' title='bbox 145 574 191 648; x_wconf 84' lang='lat' dir='ltr'>lril</span> <span class='ocrx_word' id='word_1_16' title='bbox 213 575 300 647; x_wconf 81' lang='lat' dir='ltr'>aliud</span> <span class='ocrx_word' id='word_1_17' title='bbox 316 573 492 672; x_wconf 81' lang='lat' dir='ltr'>profecisse</span> <span class='ocrx_word' id='word_1_18' title='bbox 505 574 708 661; x_wconf 86' lang='lat' dir='ltr'>arbitrarer,</span> <span class='ocrx_word' id='word_1_19' title='bbox 731 573 790 645; x_wconf 76' lang='lat' dir='ltr'>nisi</span> <span class='ocrx_word' id='word_1_20' title='bbox 809 591 848 646; x_wconf 87' lang='lat' dir='ltr'>ut</span> <span class='ocrx_word' id='word_1_21' title='bbox 863 573 1113 668; x_wconf 84' lang='lat' dir='ltr'>hominestibi,</span> 
     </span>
     <span class='ocr_line' id='line_1_4' title="bbox 146 685 1112 786; baseline 0.001 -26"><span class='ocrx_word' id='word_1_22' title='bbox 146 687 256 761; x_wconf 85' lang='lat' dir='ltr'>civem</span> <span class='ocrx_word' id='word_1_23' title='bbox 268 688 464 785; x_wconf 55' lang='lat' dir='ltr'>,improbum</span> <span class='ocrx_word' id='word_1_24' title='bbox 486 685 696 778; x_wconf 81' lang='lat' dir='ltr'>defendenti,</span> <span class='ocrx_word' id='word_1_25' title='bbox 719 685 954 786; x_wconf 82' lang='lat' dir='ltr'>ignoscendum</span> <span class='ocrx_word' id='word_1_26' title='bbox 968 702 1112 782; x_wconf 83' lang='lat' dir='ltr'>propter</span> 
     </span>
     <span class='ocr_line' id='line_1_5' title="bbox 145 791 1113 895; baseline -0.006 -21"><span class='ocrx_word' id='word_1_27' title='bbox 145 799 411 874; x_wconf 82' lang='lat' dir='ltr'>neceffimdlnem</span> <span class='ocrx_word' id='word_1_28' title='bbox 433 799 695 888; x_wconf 74' lang='lat' dir='ltr'><strong>arbitrarentur,</strong></span> <span class='ocrx_word' id='word_1_29' title='bbox 719 791 848 895; x_wconf 82' lang='lat' dir='ltr'>¹serpere</span> <span class='ocrx_word' id='word_1_30' title='bbox 872 795 1005 870; x_wconf 85' lang='lat' dir='ltr'>occulte</span> <span class='ocrx_word' id='word_1_31' title='bbox 1026 820 1113 869; x_wconf 89' lang='lat' dir='ltr'>coe-</span> 
     </span>
     <span class='ocr_line' id='line_1_6' title="bbox 144 900 1112 1010; baseline -0.003 -26"><span class='ocrx_word' id='word_1_32' title='bbox 144 912 244 1010; x_wconf 88' lang='lat' dir='ltr'>pisli,</span> <span class='ocrx_word' id='word_1_33' title='bbox 279 900 441 1001; x_wconf 73' lang='lat' dir='ltr'>nihildum</span> <span class='ocrx_word' id='word_1_34' title='bbox 466 908 535 984; x_wconf 83' lang='lat' dir='ltr'>aliis</span> <span class='ocrx_word' id='word_1_35' title='bbox 556 908 814 1009; x_wconf 73' lang='lat' dir='ltr'>suspicantibeu‚</span> <span class='ocrx_word' id='word_1_36' title='bbox 850 932 905 982; x_wconf 89' lang='lat' dir='ltr'>me</span> <span class='ocrx_word' id='word_1_37' title='bbox 932 932 1020 983; x_wconf 82' lang='lat' dir='ltr'>vero</span> <span class='ocrx_word' id='word_1_38' title='bbox 1040 909 1112 981; x_wconf 85' lang='lat' dir='ltr'>iam</span> 
     </span>
    </p>

    <p class='ocr_par' dir='ltr' id='par_1_3' title="bbox 119 1017 1113 1229">
     <span class='ocr_line' id='line_1_7' title="bbox 119 1017 1113 1122; baseline -0.008 -25"><span class='ocrx_word' id='word_1_39' title='bbox 119 1025 123 1030; x_wconf 81' lang='grc'><strong>’</strong></span> <span class='ocrx_word' id='word_1_40' title='bbox 145 1022 418 1122; x_wconf 81' lang='lat' dir='ltr'>pertimescente,</span> <span class='ocrx_word' id='word_1_41' title='bbox 443 1020 607 1112; x_wconf 73' lang='lat' dir='ltr'>millam,</span> <span class='ocrx_word' id='word_1_42' title='bbox 629 1018 873 1113; x_wconf 76' lang='lat' dir='ltr'>nonNorboni</span> <span class='ocrx_word' id='word_1_43' title='bbox 897 1017 1113 1109; x_wconf 81' lang='lat' dir='ltr'>seditionem,</span> 
     </span>
     <span class='ocr_line' id='line_1_8' title="bbox 124 1126 1112 1229; baseline -0.007 -23"><span class='ocrx_word' id='word_1_44' title='bbox 124 1130 201 1206; x_wconf 86' lang='lat' dir='ltr'>sed</span> <span class='ocrx_word' id='word_1_45' title='bbox 221 1130 337 1229; x_wconf 87' lang='lat' dir='ltr'>populi</span> <span class='ocrx_word' id='word_1_46' title='bbox 364 1129 508 1204; x_wconf 86' lang='lat' dir='ltr'>Romani</span> <span class='ocrx_word' id='word_1_47' title='bbox 530 1128 757 1213; x_wconf 81' lang='lat' dir='ltr'>iracundiam,</span> <span class='ocrx_word' id='word_1_48' title='bbox 783 1150 892 1224; x_wconf 91' lang='lat' dir='ltr'>neque</span> <span class='ocrx_word' id='word_1_49' title='bbox 919 1143 994 1198; x_wconf 83' lang='lat' dir='ltr'>earn</span> <span class='ocrx_word' id='word_1_50' title='bbox 1011 1126 1112 1200; x_wconf 80' lang='lat' dir='ltr'>iniu-</span> 
     </span>
    </p>

    <p class='ocr_par' dir='ltr' id='par_1_4' title="bbox 39 1224 1116 1657">
     <span class='ocr_line' id='line_1_9' title="bbox 39 1224 1113 1324; baseline 0.001 -14"><span class='ocrx_word' id='word_1_51' title='bbox 39 1224 41 1240; x_wconf 74' lang='lat'>&#39;</span> <span class='ocrx_word' id='word_1_52' title='bbox 72 1270 75 1277; x_wconf 91' lang='lat'>·</span> <span class='ocrx_word' id='word_1_53' title='bbox 145 1233 251 1324; x_wconf 82' lang='lat' dir='ltr'>siam,</span> <span class='ocrx_word' id='word_1_54' title='bbox 280 1238 336 1311; x_wconf 92' lang='lat' dir='ltr'>sed</span> <span class='ocrx_word' id='word_1_55' title='bbox 368 1238 532 1309; x_wconf 88' lang='lat' dir='ltr'>meritam·</span> <span class='ocrx_word' id='word_1_56' title='bbox 549 1261 587 1308; x_wconf 86' lang='lat' dir='ltr'>ac</span> <span class='ocrx_word' id='word_1_57' title='bbox 616 1236 760 1307; x_wconf 81' lang='lat' dir='ltr'>debitam</span> <span class='ocrx_word' id='word_1_58' title='bbox 786 1232 881 1306; x_wconf 73' lang='lat' dir='ltr'>huffe</span> <span class='ocrx_word' id='word_1_59' title='bbox 904 1233 1113 1311; x_wconf 80' lang='lat' dir='ltr'>defenderes.</span> 
     </span>
     <span class='ocr_line' id='line_1_10' title="bbox 144 1339 1116 1441; baseline -0.001 -24"><span class='ocrx_word' id='word_1_60' title='bbox 144 1343 278 1418; x_wconf 88' lang='lat' dir='ltr'>Deinde</span> <span class='ocrx_word' id='word_1_61' title='bbox 303 1344 362 1441; x_wconf 91' lang='lat' dir='ltr'>qui</span> <span class='ocrx_word' id='word_1_62' title='bbox 379 1345 472 1417; x_wconf 87' lang='lat' dir='ltr'>locus</span> <span class='ocrx_word' id='word_1_63' title='bbox 497 1341 605 1415; x_wconf 85' lang='lat' dir='ltr'>abste</span> <span class='ocrx_word' id='word_1_64' title='bbox 632 1340 876 1438; x_wconf 81' lang='lat' dir='ltr'>praetermissus</span> <span class='ocrx_word' id='word_1_65' title='bbox 902 1339 1005 1412; x_wconf 86' lang='lat' dir='ltr'>estin</span> <span class='ocrx_word' id='word_1_66' title='bbox 1027 1342 1116 1416; x_wconf 27' lang='lat' dir='ltr'>Cae-⁴</span> 
     </span>
     <span class='ocr_line' id='line_1_11' title="bbox 144 1449 1114 1549; baseline 0 -25"><span class='ocrx_word' id='word_1_67' title='bbox 144 1450 311 1549; x_wconf 80' lang='lat' dir='ltr'>pionem?</span> <span class='ocrx_word' id='word_1_68' title='bbox 334 1471 371 1522; x_wconf 88' lang='lat' dir='ltr'>ut</span> <span class='ocrx_word' id='word_1_69' title='bbox 391 1472 430 1525; x_wconf 91' lang='lat' dir='ltr'>tu</span> <span class='ocrx_word' id='word_1_70' title='bbox 442 1450 509 1523; x_wconf 88' lang='lat' dir='ltr'>-illa</span> <span class='ocrx_word' id='word_1_71' title='bbox 527 1450 642 1522; x_wconf 85' lang='lat' dir='ltr'>omnia</span> <span class='ocrx_word' id='word_1_72' title='bbox 664 1450 775 1542; x_wconf 78' lang='lat' dir='ltr'>odio,</span> <span class='ocrx_word' id='word_1_73' title='bbox 802 1449 954 1539; x_wconf 87' lang='lat' dir='ltr'>invidia,</span> <span class='ocrx_word' id='word_1_74' title='bbox 981 1451 1114 1525; x_wconf 84' lang='lat' dir='ltr'>miseri·</span> 
     </span>
     <span class='ocr_line' id='line_1_12' title="bbox 144 1556 1112 1657; baseline -0.002 -23"><span class='ocrx_word' id='word_1_75' title='bbox 144 1558 261 1635; x_wconf 86' lang='lat' dir='ltr'>cordia</span> <span class='ocrx_word' id='word_1_76' title='bbox 284 1560 469 1634; x_wconf 77' lang='lat' dir='ltr'>miscuisti?</span> <span class='ocrx_word' id='word_1_77' title='bbox 495 1563 614 1657; x_wconf 87' lang='lat' dir='ltr'>Neque</span> <span class='ocrx_word' id='word_1_78' title='bbox 627 1559 709 1633; x_wconf 84' lang='lat' dir='ltr'>haec</span> <span class='ocrx_word' id='word_1_79' title='bbox 726 1559 833 1634; x_wconf 88' lang='lat' dir='ltr'>solum</span> <span class='ocrx_word' id='word_1_80' title='bbox 850 1560 886 1632; x_wconf 91' lang='lat' dir='ltr'>in</span> <span class='ocrx_word' id='word_1_81' title='bbox 899 1556 1112 1653; x_wconf 77' lang='lat' dir='ltr'>defensione,</span> 
     </span>
    </p>

    <p class='ocr_par' dir='ltr' id='par_1_5' title="bbox 65 1666 1112 1884">
     <span class='ocr_line' id='line_1_13' title="bbox 65 1666 1112 1770; baseline 0.002 -28"><span class='ocrx_word' id='word_1_82' title='bbox 65 1752 68 1759; x_wconf 48' lang='grc'><strong>,</strong></span> <span class='ocrx_word' id='word_1_83' title='bbox 143 1666 318 1760; x_wconf 87' lang='lat' dir='ltr'>sedetiam</span> <span class='ocrx_word' id='word_1_84' title='bbox 339 1669 375 1742; x_wconf 86' lang='lat' dir='ltr'>in</span> <span class='ocrx_word' id='word_1_85' title='bbox 391 1670 542 1766; x_wconf 80' lang='lat' dir='ltr'>Scauro,</span> <span class='ocrx_word' id='word_1_86' title='bbox 565 1670 746 1768; x_wconf 89' lang='lat' dir='ltr'>ceterisque</span> <span class='ocrx_word' id='word_1_87' title='bbox 762 1672 845 1743; x_wconf 90' lang='lat' dir='ltr'>meis</span> <span class='ocrx_word' id='word_1_88' title='bbox 858 1668 1012 1758; x_wconf 83' lang='lat' dir='ltr'>testibus,</span> <span class='ocrx_word' id='word_1_89' title='bbox 1024 1695 1112 1770; x_wconf 80' lang='lat' dir='ltr'>quo·</span> 
     </span>
     <span class='ocr_line' id='line_1_14' title="bbox 144 1777 1110 1884; baseline 0.001 -31"><span class='ocrx_word' id='word_1_90' title='bbox 144 1803 220 1853; x_wconf 88' lang='lat' dir='ltr'>rum</span> <span class='ocrx_word' id='word_1_91' title='bbox 245 1777 432 1884; x_wconf 78' lang='lat' dir='ltr'>testimonia</span> <span class='ocrx_word' id='word_1_92' title='bbox 464 1803 534 1853; x_wconf 91' lang='lat' dir='ltr'>non</span> <span class='ocrx_word' id='word_1_93' title='bbox 559 1778 775 1866; x_wconf 85' lang='lat' dir='ltr'>refellendo,</span> <span class='ocrx_word' id='word_1_94' title='bbox 806 1779 861 1852; x_wconf 90' lang='lat' dir='ltr'>sed</span> <span class='ocrx_word' id='word_1_95' title='bbox 897 1777 939 1851; x_wconf 82' lang='lat' dir='ltr'>ad</span> <span class='ocrx_word' id='word_1_96' title='bbox 965 1781 1110 1854; x_wconf 86' lang='lat' dir='ltr'>eundem</span> 
     </span>
    </p>

    <p class='ocr_par' dir='ltr' id='par_1_6' title="bbox 72 1880 1111 2096">
     <span class='ocr_line' id='line_1_15' title="bbox 72 1880 1111 1986; baseline 0.002 -27"><span class='ocrx_word' id='word_1_97' title='bbox 72 1909 127 1960; x_wconf 58' lang='lat'>204</span> <span class='ocrx_word' id='word_1_98' title='bbox 144 1884 306 1985; x_wconf 84' lang='lat' dir='ltr'>impetum</span> <span class='ocrx_word' id='word_1_99' title='bbox 330 1880 445 1986; x_wconf 76' lang='lat' dir='ltr'>populi</span> <span class='ocrx_word' id='word_1_100' title='bbox 468 1886 709 1985; x_wconf 83' lang='lat' dir='ltr'>confugiendo,</span> <span class='ocrx_word' id='word_1_101' title='bbox 729 1884 885 1960; x_wconf 80' lang='lat' dir='ltr'>refutasti.</span> <span class='ocrx_word' id='word_1_102' title='bbox 918 1888 1016 1980; x_wconf 79' lang='lat' dir='ltr'>Quae</span> <span class='ocrx_word' id='word_1_103' title='bbox 1029 1911 1111 1961; x_wconf 75' lang='lat' dir='ltr'>cum</span> 
     </span>
     <span class='ocr_line' id='line_1_16' title="bbox 143 1995 1107 2096; baseline 0.002 -26"><span class='ocrx_word' id='word_1_104' title='bbox 143 1996 258 2071; x_wconf 83' lang='lat' dir='ltr'>abste</span> <span class='ocrx_word' id='word_1_105' title='bbox 289 1999 395 2071; x_wconf 92' lang='lat' dir='ltr'>modo</span> <span class='ocrx_word' id='word_1_106' title='bbox 426 1995 798 2086; x_wconf 84' lang='lat' dir='ltr'>commemorarentur,</span> <span class='ocrx_word' id='word_1_107' title='bbox 830 1997 987 2096; x_wconf 82' lang='lat' dir='ltr'>equidem</span> <span class='ocrx_word' id='word_1_108' title='bbox 1031 1999 1107 2072; x_wconf 63' lang='lat' dir='ltr'>nul*</span> 
     </span>
    </p>

    <p class='ocr_par' dir='ltr' id='par_1_7' title="bbox 18 2106 1109 2207">
     <span class='ocr_line' id='line_1_17' title="bbox 18 2106 1109 2207; baseline 0.003 -25"><span class='ocrx_word' id='word_1_109' title='bbox 18 2186 20 2191; x_wconf 73' lang='grc'>,</span> <span class='ocrx_word' id='word_1_110' title='bbox 144 2106 175 2182; x_wconf 82' lang='lat' dir='ltr'>la</span> <span class='ocrx_word' id='word_1_111' title='bbox 208 2126 384 2207; x_wconf 84' lang='lat' dir='ltr'>praecepta</span> <span class='ocrx_word' id='word_1_112' title='bbox 410 2110 641 2184; x_wconf 75' lang='lat' dir='ltr'>desiderabam.</span> <span class='ocrx_word' id='word_1_113' title='bbox 683 2109 776 2184; x_wconf 78' lang='lat' dir='ltr'>itiam</span> <span class='ocrx_word' id='word_1_114' title='bbox 793 2109 894 2192; x_wconf 61' lang='lat' dir='ltr'>‚enirn</span> <span class='ocrx_word' id='word_1_115' title='bbox 918 2108 1021 2207; x_wconf 78' lang='lat' dir='ltr'>ipsam</span> <span class='ocrx_word' id='word_1_116' title='bbox 1048 2113 1109 2186; x_wconf 89' lang='lat' dir='ltr'>de·</span> 
     </span>
    </p>

    <p class='ocr_par' dir='ltr' id='par_1_8' title="bbox 110 2215 1112 2324">
     <span class='ocr_line' id='line_1_18' title="bbox 110 2215 1112 2324; baseline 0.009 -35"><span class='ocrx_word' id='word_1_117' title='bbox 110 2272 113 2276; x_wconf 20' lang='grc' dir='ltr'><strong><em>ι</em></strong></span> <span class='ocrx_word' id='word_1_118' title='bbox 143 2215 416 2292; x_wconf 80' lang='lat' dir='ltr'>monstrationem</span> <span class='ocrx_word' id='word_1_119' title='bbox 448 2219 676 2294; x_wconf 82' lang='lat' dir='ltr'>defensionum</span> <span class='ocrx_word' id='word_1_120' title='bbox 710 2238 842 2296; x_wconf 72' lang='lat' dir='ltr'>marton</span> <span class='ocrx_word' id='word_1_121' title='bbox 877 2222 936 2295; x_wconf 86' lang='lat' dir='ltr'>abs</span> <span class='ocrx_word' id='word_1_122' title='bbox 967 2240 1000 2296; x_wconf 89' lang='lat' dir='ltr'>te</span> <span class='ocrx_word' id='word_1_123' title='bbox 1034 2223 1112 2324; x_wconf 82' lang='lat' dir='ltr'>ipso</span> 
     </span>
    </p>

    <p class='ocr_par' dir='ltr' id='par_1_9' title="bbox 145 2331 1112 2420">
     <span class='ocr_line' id='line_1_19' title="bbox 145 2331 1112 2420; baseline 0.008 -21"><span class='ocrx_word' id='word_1_124' title='bbox 145 2351 463 2420; x_wconf 88' lang='lat' dir='ltr'>commemoratam,</span> <span class='ocrx_word' id='word_1_125' title='bbox 506 2331 693 2419; x_wconf 70' lang='lat' dir='ltr'>dodrinam</span> <span class='ocrx_word' id='word_1_126' title='bbox 719 2331 784 2405; x_wconf 82' lang='lat' dir='ltr'>esse</span> <span class='ocrx_word' id='word_1_127' title='bbox 815 2333 1112 2418; x_wconf 85' lang='lat' dir='ltr'>non-mediocrem</span> 
     </span>
    </p>

    <p class='ocr_par' dir='ltr' id='par_1_10' title="bbox 143 2433 1115 2535">
     <span class='ocr_line' id='line_1_20' title="bbox 143 2433 1115 2535; baseline 0.008 -31"><span class='ocrx_word' id='word_1_128' title='bbox 143 2449 239 2530; x_wconf 89' lang='lat' dir='ltr'>puto.</span> <span class='ocrx_word' id='word_1_129' title='bbox 288 2433 424 2533; x_wconf 82' lang='lat' dir='ltr'>Atqui,</span> <span class='ocrx_word' id='word_1_130' title='bbox 463 2433 488 2506; x_wconf 83' lang='lat' dir='ltr'>sr</span> <span class='ocrx_word' id='word_1_131' title='bbox 519 2434 565 2507; x_wconf 91' lang='lat' dir='ltr'>ira</span> <span class='ocrx_word' id='word_1_132' title='bbox 594 2436 736 2534; x_wconf 87' lang='lat' dir='ltr'>placet,</span> <span class='ocrx_word' id='word_1_133' title='bbox 774 2436 884 2535; x_wconf 89' lang='lat' dir='ltr'>inquit</span> <span class='ocrx_word' id='word_1_134' title='bbox 921 2437 1115 2530; x_wconf 75' lang='lat' dir='ltr'>Antonius,</span> 
     </span>
    </p>

    <p class='ocr_par' dir='ltr' id='par_1_11' title="bbox 50 2534 1112 2651">
     <span class='ocr_line' id='line_1_21' title="bbox 50 2534 1112 2651; baseline 0.008 -37"><span class='ocrx_word' id='word_1_135' title='bbox 50 2643 55 2651; x_wconf 23' lang='grc' dir='ltr'><strong><em>Ι</em></strong></span> <span class='ocrx_word' id='word_1_136' title='bbox 144 2544 315 2618; x_wconf 77' lang='lat' dir='ltr'>trademus</span> <span class='ocrx_word' id='word_1_137' title='bbox 349 2546 480 2638; x_wconf 86' lang='lat' dir='ltr'>etiam,</span> <span class='ocrx_word' id='word_1_138' title='bbox 526 2573 611 2646; x_wconf 89' lang='lat' dir='ltr'>quae</span> <span class='ocrx_word' id='word_1_139' title='bbox 647 2534 710 2622; x_wconf 85' lang='lat' dir='ltr'>nos</span> <span class='ocrx_word' id='word_1_140' title='bbox 745 2548 836 2646; x_wconf 91' lang='lat' dir='ltr'>sequi</span> <span class='ocrx_word' id='word_1_141' title='bbox 872 2549 908 2620; x_wconf 91' lang='lat' dir='ltr'>in</span> <span class='ocrx_word' id='word_1_142' title='bbox 931 2549 1112 2640; x_wconf 74' lang='lat' dir='ltr'>dicendo,</span> 
     </span>
    </p>

    <p class='ocr_par' dir='ltr' id='par_1_12' title="bbox 40 2658 1110 2756">
     <span class='ocr_line' id='line_1_22' title="bbox 40 2658 1110 2756; baseline 0.008 -29"><span class='ocrx_word' id='word_1_143' title='bbox 40 2670 47 2685; x_wconf 68' lang='grc'>’“</span> <span class='ocrx_word' id='word_1_144' title='bbox 143 2680 294 2755; x_wconf 87' lang='lat' dir='ltr'>quaeque</span> <span class='ocrx_word' id='word_1_145' title='bbox 319 2658 464 2729; x_wconf 82' lang='lat' dir='ltr'>maxime</span> <span class='ocrx_word' id='word_1_146' title='bbox 501 2661 642 2756; x_wconf 74' lang='lat' dir='ltr'>spellare</span> <span class='ocrx_word' id='word_1_147' title='bbox 660 2659 832 2742; x_wconf 55' lang='lat' dir='ltr'>solemus„</span> <span class='ocrx_word' id='word_1_148' title='bbox 862 2659 979 2733; x_wconf 76' lang='lat' dir='ltr'>docuh</span> <span class='ocrx_word' id='word_1_149' title='bbox 1019 2660 1110 2736; x_wconf 79' lang='lat' dir='ltr'>enim</span> 
     </span>
    </p>

    <p class='ocr_par' dir='ltr' id='par_1_13' title="bbox 131 2763 1110 2865">
     <span class='ocr_line' id='line_1_23' title="bbox 131 2763 1110 2865; baseline 0.002 -27"><span class='ocrx_word' id='word_1_150' title='bbox 131 2765 211 2845; x_wconf 67' lang='lat' dir='ltr'>‚iam</span> <span class='ocrx_word' id='word_1_151' title='bbox 235 2789 298 2837; x_wconf 88' lang='lat' dir='ltr'>nos</span> <span class='ocrx_word' id='word_1_152' title='bbox 322 2763 422 2862; x_wconf 82' lang='lat' dir='ltr'>longa</span> <span class='ocrx_word' id='word_1_153' title='bbox 448 2764 519 2838; x_wconf 89' lang='lat' dir='ltr'>vita</span> <span class='ocrx_word' id='word_1_154' title='bbox 551 2766 688 2865; x_wconf 86' lang='lat' dir='ltr'>ususque</span> <span class='ocrx_word' id='word_1_155' title='bbox 726 2788 838 2840; x_wconf 87' lang='lat' dir='ltr'>rerum</span> <span class='ocrx_word' id='word_1_156' title='bbox 863 2767 1110 2856; x_wconf 82' lang='lat' dir='ltr'>maximarum,</span> 
     </span>
    </p>

    <p class='ocr_par' dir='ltr' id='par_1_14' title="bbox 143 2871 1109 3065">
     <span class='ocr_line' id='line_1_24' title="bbox 143 2871 1109 2974; baseline 0.006 -24"><span class='ocrx_word' id='word_1_157' title='bbox 143 2900 182 2950; x_wconf 92' lang='lat' dir='ltr'>ut</span> <span class='ocrx_word' id='word_1_158' title='bbox 203 2876 323 2974; x_wconf 89' lang='lat' dir='ltr'>quibus</span> <span class='ocrx_word' id='word_1_159' title='bbox 341 2876 439 2950; x_wconf 86' lang='lat' dir='ltr'>rebus</span> <span class='ocrx_word' id='word_1_160' title='bbox 463 2877 565 2950; x_wconf 89' lang='lat' dir='ltr'>animi</span> <span class='ocrx_word' id='word_1_161' title='bbox 588 2871 763 2969; x_wconf 84' lang='lat' dir='ltr'>hominum</span> <span class='ocrx_word' id='word_1_162' title='bbox 787 2874 1032 2974; x_wconf 85' lang='lat' dir='ltr'>moverentur,</span> <span class='ocrx_word' id='word_1_163' title='bbox 1055 2896 1109 2956; x_wconf 83' lang='lat' dir='ltr'>te.-</span> 
     </span>
     <span class='ocr_line' id='line_1_25' title="bbox 145 3010 1030 3065; baseline 0 -2"><span class='ocrx_word' id='word_1_164' title='bbox 145 3013 307 3065; x_wconf 90' lang='lat' dir='ltr'>neremus.</span> <span class='ocrx_word' id='word_1_165' title='bbox 833 3010 836 3015; x_wconf 83' lang='lat'>·</span> <span class='ocrx_word' id='word_1_166' title='bbox 1027 3045 1030 3049; x_wconf 83' lang='lat'><em>-</em></span> 
     </span>
    </p>

    <p class='ocr_par' dir='ltr' id='par_1_15' title="bbox 65 3094 1110 3202">
     <span class='ocr_line' id='line_1_26' title="bbox 65 3094 1110 3202; baseline 0.015 -36"><span class='ocrx_word' id='word_1_167' title='bbox 65 3115 123 3197; x_wconf 81' lang='lat'>&#39;51</span> <span class='ocrx_word' id='word_1_168' title='bbox 193 3097 357 3196; x_wconf 85' lang='lat' dir='ltr'>Equidem</span> <span class='ocrx_word' id='word_1_169' title='bbox 376 3094 521 3195; x_wconf 89' lang='lat' dir='ltr'>primum</span> <span class='ocrx_word' id='word_1_170' title='bbox 550 3098 755 3180; x_wconf 86' lang='lat' dir='ltr'>considerare</span> <span class='ocrx_word' id='word_1_171' title='bbox 775 3102 892 3195; x_wconf 89' lang='lat' dir='ltr'>soleo,</span> <span class='ocrx_word' id='word_1_172' title='bbox 921 3098 1110 3202; x_wconf 60' lang='lat' dir='ltr'>postulem}</span> 
     </span>
    </p>

    <p class='ocr_par' dir='ltr' id='par_1_16' title="bbox 74 3203 1121 3864">
     <span class='ocr_line' id='line_1_27' title="bbox 74 3203 1113 3311; baseline 0.005 -27"><span class='ocrx_word' id='word_1_173' title='bbox 74 3230 124 3284; x_wconf 68' lang='lat'>²05</span> <span class='ocrx_word' id='word_1_174' title='bbox 146 3209 248 3284; x_wconf 86' lang='lat' dir='ltr'>causa.</span> <span class='ocrx_word' id='word_1_175' title='bbox 269 3228 349 3284; x_wconf 88' lang='lat' dir='ltr'>nam</span> <span class='ocrx_word' id='word_1_176' title='bbox 358 3234 466 3310; x_wconf 89' lang='lat' dir='ltr'>neque</span> <span class='ocrx_word' id='word_1_177' title='bbox 483 3212 595 3311; x_wconf 86' lang='lat' dir='ltr'>parvis</span> <span class='ocrx_word' id='word_1_178' title='bbox 619 3212 653 3285; x_wconf 93' lang='lat' dir='ltr'>in</span> <span class='ocrx_word' id='word_1_179' title='bbox 676 3214 774 3288; x_wconf 84' lang='lat' dir='ltr'>rebus</span> <span class='ocrx_word' id='word_1_180' title='bbox 800 3215 1008 3288; x_wconf 85' lang='lat' dir='ltr'>adhibendae</span> <span class='ocrx_word' id='word_1_181' title='bbox 1035 3203 1113 3289; x_wconf 81' lang='lat' dir='ltr'>sunt</span> 
     </span>
     <span class='ocr_line' id='line_1_28' title="bbox 144 3315 1121 3422; baseline 0.011 -34"><span class='ocrx_word' id='word_1_182' title='bbox 144 3315 208 3389; x_wconf 88' lang='lat' dir='ltr'>hae</span> <span class='ocrx_word' id='word_1_183' title='bbox 219 3317 349 3410; x_wconf 83' lang='lat' dir='ltr'>dicendi</span> <span class='ocrx_word' id='word_1_184' title='bbox 374 3320 480 3411; x_wconf 76' lang='lat' dir='ltr'>facea,</span> <span class='ocrx_word' id='word_1_185' title='bbox 513 3344 620 3422; x_wconf 87' lang='lat' dir='ltr'>neque</span> <span class='ocrx_word' id='word_1_186' title='bbox 644 3324 690 3395; x_wconf 89' lang='lat' dir='ltr'>ita</span> <span class='ocrx_word' id='word_1_187' title='bbox 708 3324 858 3397; x_wconf 84' lang='lat' dir='ltr'>animatis</span> <span class='ocrx_word' id='word_1_188' title='bbox 892 3323 1121 3422; x_wconf 61' lang='lat' dir='ltr'>hominibus,</span> 
     </span>
     <span class='ocr_line' id='line_1_29' title="bbox 143 3429 1110 3533; baseline 0.006 -31"><span class='ocrx_word' id='word_1_189' title='bbox 143 3446 182 3503; x_wconf 91' lang='lat' dir='ltr'>ut</span> <span class='ocrx_word' id='word_1_190' title='bbox 194 3429 276 3503; x_wconf 83' lang='lat' dir='ltr'>nihil</span> <span class='ocrx_word' id='word_1_191' title='bbox 290 3431 333 3503; x_wconf 91' lang='lat' dir='ltr'>ad</span> <span class='ocrx_word' id='word_1_192' title='bbox 346 3433 464 3506; x_wconf 81' lang='lat' dir='ltr'>eorum</span> <span class='ocrx_word' id='word_1_193' title='bbox 482 3454 608 3506; x_wconf 88' lang='lat' dir='ltr'>mentes</span> <span class='ocrx_word' id='word_1_194' title='bbox 630 3435 782 3525; x_wconf 72' lang='lat' dir='ltr'>oratione</span> <span class='ocrx_word' id='word_1_195' title='bbox 811 3433 985 3533; x_wconf 74' lang='lat' dir='ltr'>flellendas¹</span> <span class='ocrx_word' id='word_1_196' title='bbox 1000 3432 1110 3532; x_wconf 67' lang='lat' dir='ltr'>prosi·</span> 
     </span>
     <span class='ocr_line' id='line_1_30' title="bbox 145 3537 1110 3642; baseline 0.003 -29"><span class='ocrx_word' id='word_1_197' title='bbox 145 3543 222 3613; x_wconf 84' lang='lat' dir='ltr'>cere</span> <span class='ocrx_word' id='word_1_198' title='bbox 247 3537 430 3636; x_wconf 78' lang='lat' dir='ltr'>pellimur,</span> <span class='ocrx_word' id='word_1_199' title='bbox 458 3565 515 3614; x_wconf 83' lang='lat' dir='ltr'>ne</span> <span class='ocrx_word' id='word_1_200' title='bbox 545 3563 602 3614; x_wconf 86' lang='lat' dir='ltr'>aut</span> <span class='ocrx_word' id='word_1_201' title='bbox 622 3542 800 3633; x_wconf 73' lang='lat' dir='ltr'>irrisione,</span> <span class='ocrx_word' id='word_1_202' title='bbox 829 3563 885 3618; x_wconf 88' lang='lat' dir='ltr'>aut</span> <span class='ocrx_word' id='word_1_203' title='bbox 909 3545 992 3616; x_wconf 85' lang='lat' dir='ltr'>odio</span> <span class='ocrx_word' id='word_1_204' title='bbox 1016 3543 1110 3642; x_wconf 72' lang='lat' dir='ltr'>rigui</span> 
     </span>
     <span class='ocr_line' id='line_1_31' title="bbox 144 3646 1111 3754; baseline 0.012 -37"><span class='ocrx_word' id='word_1_205' title='bbox 144 3658 321 3745; x_wconf 80' lang='lat' dir='ltr'>putemur,</span> <span class='ocrx_word' id='word_1_206' title='bbox 355 3646 457 3720; x_wconf 83' lang='lat' dir='ltr'>fiaut</span> <span class='ocrx_word' id='word_1_207' title='bbox 482 3649 668 3746; x_wconf 81' lang='lat' dir='ltr'>tragoedias</span> <span class='ocrx_word' id='word_1_208' title='bbox 690 3675 822 3750; x_wconf 80' lang='lat' dir='ltr'>agamus</span> <span class='ocrx_word' id='word_1_209' title='bbox 836 3654 882 3724; x_wconf 76' lang='lat' dir='ltr'>&#39;in</span> <span class='ocrx_word' id='word_1_210' title='bbox 902 3655 1025 3754; x_wconf 79' lang='lat' dir='ltr'>nugis,</span> <span class='ocrx_word' id='word_1_211' title='bbox 1051 3676 1111 3730; x_wconf 81' lang='lat' dir='ltr'>aur</span> 
     </span>
     <span class='ocr_line' id='line_1_32' title="bbox 145 3755 1114 3864; baseline 0.003 -30"><span class='ocrx_word' id='word_1_212' title='bbox 145 3755 332 3835; x_wconf 75' lang='lat' dir='ltr'>conuellere</span> <span class='ocrx_word' id='word_1_213' title='bbox 344 3755 533 3832; x_wconf 71' lang='lat' dir='ltr'>adorimur</span> <span class='ocrx_word' id='word_1_214' title='bbox 546 3781 605 3852; x_wconf 85' lang='lat' dir='ltr'>ea,</span> <span class='ocrx_word' id='word_1_215' title='bbox 629 3784 795 3860; x_wconf 85' lang='lat' dir='ltr'>quaenon</span> <span class='ocrx_word' id='word_1_216' title='bbox 814 3762 1114 3864; x_wconf 73' lang='lat' dir='ltr'>posint-commo·</span> 
     </span>
    </p>
   </div>
   <div class='ocr_carea' id='block_1_3' title="bbox 132 3995 223 4014">
    <p class='ocr_par' dir='ltr' id='par_1_17' title="bbox 132 3995 223 4014">
     <span class='ocr_line' id='line_1_33' title="bbox 132 3995 223 4014; baseline 0 0"><span class='ocrx_word' id='word_1_217' title='bbox 132 3995 223 4014; x_wconf 85' lang='lat' dir='ltr'>&#39;¹r</span> 
     </span>
    </p>
   </div>
   <div class='ocr_carea' id='block_1_4' title="bbox 0 0 1156 4304">
    <p class='ocr_par' dir='ltr' id='par_1_18' title="bbox 0 0 1156 4304">
     <span class='ocr_line' id='line_1_34' title="bbox 0 0 1156 4304; baseline 0 1"><span class='ocrx_word' id='word_1_218' title='bbox 0 0 1156 4304; x_wconf 95' lang='lat' dir='ltr'> </span> 
     </span>
    </p>
   </div>
  </div>
 </body>
</html>
