2304 4304
358 330 683 405 BRUTUs
874 359 998 439 *fij

26 486 176 563 ·eivitate
194 484 296 562 funffi
329 487 393 562 fint'
408 544 420 584 ,
445 513 483 564 ut
498 510 649 566 tenerent
672 516 846 568 oratorum
864 497 1004 573 locum:

9 610 12 631 '
42 625 185 700 quorum
213 601 349 699 quidem
371 627 455 697 quae
485 601 585 675 fuerit
607 603 772 694 ascensr0,
800 628 833 679 et
848 633 949 706 quam
971 609 1006 681 in

32 716 198 818 omnibus
212 716 309 788 rebus
325 714 464 788 difficilis
493 715 615 812 optimi
636 716 798 812 perfetlio
825 736 923 818 atque
949 718 1016 794 ab-‘

46 826 165 902 solutio
177 881 190 917 ,
206 866 214 873 ··
224 853 267 900 ex
287 853 356 916 e0,
389 828 482 925 quod
519 829 650 920 dicam,
688 829 865 903 existimari
887 833 1007 929 potest.

40 939 158 1031 Quam
176 938 273 1010 multi
291 939 380 1009 enim
395 938 461 1039 iam
484 955 634 1012 oratores
648 943 903 1013 commemorati
917 942 1008 1034 sunt,
1032 975 1076 1025 ις,

48 1069 81 1122 et
114 1074 217 1148 quam
248 1050 305 1122 diu
330 1051 365 1120 in
395 1073 514 1121 eorum
544 1051 793 1124 enumeratione
818 1052 1012 1144 versamur,
1069 1094 1072 1099 ·

24 1250 28 1257 Ι
51 1186 129 1233 cum
147 1179 260 1233 tamen
289 1160 382 1258 spille
404 1178 501 1259 atque
526 1161 603 1253 vir,
629 1181 667 1234 ut
687 1162 811 1236 dudum
825 1164 867 1235 ad
879 1165 1014 1235 Demo-

45 1269 199 1343 ¹llhenem
211 1287 245 1341 et
271 1270 501 1368 Hyperidem,-
515 1269 559 1343 src
572 1295 658 1342 nunc
673 1271 715 1342 ad
728 1273 912 1344 Antonium
921 1271 1018 1347 Crat.
1048 1340 1053 1357 ,

51 1378 189 1476 sumque
201 1378 444 1474 pervenimus?
472 1380 644 1476 Namego
663 1378 707 1451 src
728 1380 912 1472 existimo,
953 1382 1016 1454 hos

52 1484 214 1560 oratores
229 1487 329 1573 fuisse,
348 1488 539 1578 maximOS,
577 1508 612 1560 et
629 1488 665 1560 in
688 1489 739 1561 his
762 1489 906 1585 primum
935 1518 1013 1566 cum

53 1603 267 1672 Graecorum
290 1600 394 1699 gloria
412 1601 526 1676 Latine
538 1600 670 1672 dicendi
689 1601 818 1697 copiam
835 1623 1018 1702 aequatam.

54 1708 183 1779 Omnia
202 1707 382 1780 veniebant
412 1706 561 1779 Antonio
581 1707 615 1778 in
635 1730 804 1795 mentem3
834 1734 941 1812 eaque!
960 1710 1018 1783 suo
1040 1731 1084 1801 37

55 1842 209 1916 quaeque
226 1819 304 1891 loco
328 1873 339 1908 ,
364 1818 425 1890 ubi
443 1819 623 1914 plurimum
657 1817 842 1916 proficere—
855 1838 888 1892 et
911 1822 1020 1896 valere
1042 1844 1087 1895 1³9

58 1928 278 2028 pollentam
303 1930 344 2001 ab
366 1929 563 2026 imperatore
591 1933 741 2028 equites,
764 1933 914 2028 pedites,
939 1934 1023 2008 levis

58 2059 253 2127 armatura;
282 2040 327 2112 src
341 2042 388 2113 'ab
406 2041 461 2114 illo
489 2043 524 2113 in
542 2045 686 2116 maxime
723 2045 922 2142 opportunis
948 2071 1024 2117 ora-

59 2149 164 2222 tionis
183 2150 328 2246 partibus
351 2150 608 2226 collocabantur.
657 2158 736 2227 Erat
753 2157 918 2228 memoria
936 2157 1026 2228 sum·
1098 2146 1102 2153 ¹

53 2280 139 2340 -ma,
161 2255 249 2326 nulla
265 2255 487 2361 meditationis
511 2257 661 2353 suspicio.
699 2260 878 2356 imparatus
900 2263 1028 2358 semper

54 2371 200 2471 aggredi
215 2372 257 2443 ad
276 2372 453 2444 dicendum
476 2372 676 2459 videbatur;
701 2371 757 2444 sed
781 2372 827 2444 ita
841 2391 911 2443 erat
934 2375 1032 2469 para·'

64 2503 144 2573 tus,
170 2505 208 2556 ut
223 2483 368 2575 iudices,
401 2484 458 2556 illo
478 2486 630 2569 dicente,
661 2486 901 2581 nonnunquam
928 2482 1029 2556 vide·

65 2617 183 2668 rentur
205 2596 360 2667 nonsatis
383 2594 487 2692 parari
507 2595 549 2665 ad
562 2593 748 2666 cavendum
762 2591 869 2667 fuille.
918 2594 1031 2668 Verba
1053 2613 1098 2663 140

60 2703 164 2802 ipsa,
195 2728 265 2775 non
286 2704 338 2775 illa
359 2703 493 2801 quidem
519 2702 756 2801 elegantiffimo
780 2703 946 2776 sermone:
976 2703 1033 2775 ita·

11 2829 18 2844 ·
67 2837 138 2910 que
161 2812 336 2911 diligenter
356 2812 518 2911 loquendi
533 2813 631 2885 laude
654 2813 767 2886 caruit.
797 2839 904 2913 neque
923 2837 1034 2887 tamen

66 2919 119 2994 est
135 2921 316 2992 admodum
328 2922 499 3019 'inquinare
516 2921 669 2994 locutus:
695 2921 751 2994 sed
764 2922 813 2992 illa
826 2979 836 3007 ,
862 2948 945 3019 quae
958 2947 1035 3017 pro·

71 3029 145 3128 prie
155 3028 224 3101 laus
246 3028 388 3101 oratoris
411 3026 457 3100 est
473 3030 508 3100 in
530 3031 665 3103 verbis:
694 3028 787 3128 (nam
802 3030 907 3128 ipsum
922 3032 1036 3104 Latine

73 3138 194 3236 loqui,
218 3137 265 3209 est
287 3138 367 3209 illud
393 3139 551 3234 quidem,
588 3160 626 3210 ut
648 3141 749 3239 paulo
777 3157 852 3210 ante
874 3138 976 3231 dixi,
1001 3139 1037 3210 in

74 3275 197 3349 magna
209 3250 304 3323 laude
323 3249 515 3346 ponendum
522 3275 534 3335 ;
560 3248 616 3323 sed
637 3276 707 3321 non
729 3267 797 3320 tam
820 3250 874 3321 sua
894 3247 1038 3348 sponte,

74 3387 178 3460 quam
192 3358 345 3458 quodest
363 3385 381 3431 a
394 3359 554 3458 plerisque
569 3360 763 3458 negletlum.
785 3386 854 3433 non
866 3361 956 3434 enim
970 3378 1038 3433 tarn
1103 3400 1107 3425 ι

77 3471 283 3570 praeclarum
310 3467 355 3541 est
373 3469 455 3542 scire
474 3468 614 3556 Latine,
628 3529 632 3535 .
648 3493 749 3565 quam
772 3486 868 3575 turpe
894 3468 1039 3556 nescire3

79 3605 189 3676 neque
199 3596 271 3650 tam
295 3578 331 3650 id
353 3577 435 3652 milri
455 3577 599 3650 oratoris
621 3577 726 3668 boni,
753 3604 852 3677 quam
872 3578 955 3650 civis
967 3578 1042 3646 Ro-

79 3689 173 3763 mani
183 3689 359 3787 proprium
371 3685 548 3785 videtum)
564 3688 617 3759 sed
628 3711 737 3760 tamen
751 3690 914 3760 Antonius
927 3687 962 3758 in
970 3712 1044 3763 ver·

83 3798 136 3872 bis
158 3814 193 3870 at
218 3797 401 3897 eligendis,
428 3795 559 3896 (neque
577 3795 612 3868 id
631 3796 739 3894 ipsum
751 3795 955 3896 tam'leporis
967 3821 1044 3874 cau·
