2302 4304
378 279 679 362 LIBERI.
966 214 1052 391 33·

53 448 203 538 Cottae,
227 442 285 521 sed
311 448 408 521 valde
431 451 560 546 optanti
595 451 727 549 utrique
754 445 900 550 'nostrum
915 502 938 544 ‚·
957 480 1016 528 ced

11 608 14 613 -
52 559 159 646 cidit,
185 577 224 630 ur
245 558 280 630 in
311 557 406 630 istum
443 558 654 648 sermonem,
680 558 818 645 Crasse,
850 560 1017 634 delabere·¹

54 670 147 741 mini.
171 669 279 742 Nobis
303 669 394 741 enim
422 669 486 741 huc
515 668 724 766 'venientibus
741 669 920 742 iucundum
942 669 1019 743 satie

54 776 129 857 fore
147 782 353 872 videbatur,
373 781 398 852 sr
407 833 418 867 ,
437 800 514 854 cum
532 804 596 855 vos
615 779 656 851 de
670 779 767 850 rebus
781 778 850 851 aliis
865 778 1018 878 loquere-

54 895 164 984 mini,
185 898 297 966 tamen
320 916 383 965 nos
409 886 534 990 aliquid
558 915 601 962 ex
630 889 782 963 sermone
806 889 920 966 vestro
944 918 1019 965 me·

55 1001 163 1074 moria
182 994 319 1098 dignum
336 1001 492 1097 excipere
513 998 704 1096 possemus3
727 1017 764 1072 ut
786 1023 873 1075 vero
891 1002 1021 1093 penitus

53 1110 89 1183 in
111 1135 185 1183 eam
209 1108 312 1206 ipsam
337 1109 440 1182 totius
459 1108 556 1181 huius
578 1109 633 1184 vel
654 1107 770 1196 studii,
796 1109 852 1184 vel
874 1097 1020 1203 artificii,

52 1221 112 1296 uel
128 1220 291 1323 ¹facultatis
314 1218 571 1318 disputationem
596 1245 701 1316 paene
721 1220 873 1295 intimam
897 1245 1021 1318 perve-¹3

59 1333 196 1424 niretis,
213 1329 275 1408 vix
288 1335 474 1433 optandum
496 1334 593 1407 nobis
607 1327 791 1407 videbatur.
805 1337 880 1433 Ego
903 1334 1019 1425 enim,
1038 1343 1073 1405 ⁹2.

14 1540 17 1545 ¹
58 1445 115 1543 qui
140 1447 182 1518 ab
205 1439 342 1519 ineunte
367 1465 474 1520 aetate
500 1444 650 1521 incensus
677 1445 776 1545 essem
801 1446 909 1521 studio
935 1448 1021 1522 utri'-
1094 1467 1096 1474 '

58 1555 159 1655 usque
183 1555 354 1650 vestrum,
376 1558 481 1632 Crassi
502 1575 588 1658 vero
609 1559 712 1631 etiam
735 1579 872 1651 amore,
886 1578 963 1634 cum
977 1560 1020 1634 ab

59 1693 100 1742 eo
122 1669 287 1770 nusquam
313 1663 541 1762 discederem,
562 1672 703 1746 verbum
727 1691 831 1745 exeo
850 1699 1020 1771 nunquam

59 1778 176 1852 elieere
215 1774 312 1876 potui
344 1779 511 1861 deviae
542 1783 671 1853 ratione
703 1779 859 1866 dicendi,
886 1805 962 1854 cum
986 1797 1020 1854 er

61 1911 119 1984 per
146 1886 377 1985 memetipsum
405 1886 563 1985 egissem,
595 1907 629 1960 et
656 1912 718 1986 per
748 1886 895 1960 Drusum
923 1887 1020 1986 saepe

10 2084 12 2099 Ι
61 1994 255 2072 tentassem:
283 2019 353 2097 quo
379 1997 414 2070 in
440 2015 561 2097 'genere
590 2017 648 2085 tu,
674 2000 801 2102 Antoni
837 2000 941 2101 (vere
966 2003 1021 2078 lou

10 2110 30 2170 '·
57 2106 174 2207 quar)
196 2131 367 2206 nunquam
394 2107 477 2179 mihi
505 2111 741 2204 percontanti,
767 2128 823 2184 aut
847 2104 1020 2210 quaerenti

41 2221 181 2319 'aliquid
193 2268 206 2323 ,
239 2217 394 2310 defuisti,
420 2237 454 2291 et
484 2219 639 2317 persaepe
666 2246 746 2310 me,
774 2242 858 2319 quae
899 2220 1021 2295 soleres·

60 2331 262 2404 indicendo
297 2328 505 2418 observare,
535 2327 685 2402 docuisti.
721 2330 820 2399 Nunc
834 2381 845 2417 ,
860 2324 1071 2424 quonianafl

63 2444 197 2539 uterque
222 2437 368 2512 vestrum
401 2436 560 2534 patefecit
590 2461 703 2508 eannn
739 2461 850 2508 rerum
875 2436 1019 2534 ipsarum

63 2551 206 2643 adiuun,
237 2567 319 2649 quas
337 2549 569 2649 quaerimus,
603 2572 638 2621 et
669 2546 828 2648 quoniam
863 2548 1018 2648 princeps'

10 2744 14 2749 ,
63 2661 192 2737 Crassus
217 2659 288 2736 eius
324 2660 485 2734 sermonis
512 2659 664 2732 ordiendi
689 2652 784 2751 suit,
809 2661 884 2733 date
919 2662 1019 2734 nobis
1063 2743 1105 2755 „.

56 2776 144 2850 ’hanc
175 2777 339 2868 veniam,
366 2795 403 2847 ut
428 2800 486 2864 ea,
510 2790 594 2872 quae
621 2773 746 2847 sentitis
769 2775 812 2846 de
838 2773 933 2845 omni
959 2799 1019 2872 ge⁴
1132 2816 1135 2821 -

60 2912 141 2964 nere
166 2885 322 2978 dicendi,
341 2889 501 2962 subrisiter
520 2887 770 2986 persequamini.
814 2886 919 2979 Quod
940 2885 1018 2984 qui·-
1044 2892 1047 2900 '

58 3001 180 3074 demsr
206 3001 269 3074 er'it
293 2991 456 3073 avobis
448 3019 685 3097 impetratum,
708 3012 861 3092 magnam
874 2993 1018 3082 habebo,

60 3109 199 3202 Crasse,
212 3108 291 3183 huic
312 3106 513 3206 palaestrae,
535 3128 568 3180 et
586 3106 775 3180 Tusculano
788 3125 848 3176 tuo
862 3101 1019 3200 gratiam,

60 3237 94 3292 et
119 3219 219 3320 longe
245 3219 443 3293 Academiae
468 3216 514 3292 illi
532 3246 570 3293 ac
597 3205 713 3318 Lyceo
735 3236 830 3289 tuum
851 3215 919 3291 hoc
942 3213 1018 3288 sub·

59 3331 223 3402 urbanum
246 3329 453 3457 gymnasium
488 3350 697 3424 anteponam.
737 3317 827 3397 Turn
850 3323 924 3416 ille,
951 3327 1018 3399 Irn
1042 3351 1087 3399 22

63 3466 122 3514 mo
149 3462 237 3515 vero
250 3438 419 3546 ,inquit,
447 3432 593 3545 Sulpici,
627 3461 789 3535 rogemus
813 3433 1018 3521 Antonium,
1038 3464 1071 3516 99

61 3555 121 3674 qpi
140 3570 175 3626 et
200 3540 309 3648 'potest
329 3540 438 3622 facere
459 3541 519 3640 id,
535 3544 647 3647 quod
655 3542 793 3644 requiris
805 3600 816 3634 ,
830 3563 863 3618 et
876 3545 1018 3618 consue-

10 3730 12 3737 .
61 3659 134 3746 vit,
153 3652 190 3732 ut
210 3681 243 3731 te
266 3659 366 3730 audio
388 3657 507 3728 dicere
532 3657 618 3728 Nam
640 3679 694 3726 me
712 3653 866 3751 quidem,
888 3642 1019 3735 fateor,

10 3752 27 3805 1·
59 3766 193 3865 semper
216 3792 236 3838 a
257 3792 377 3864 genere
403 3765 478 3836 hoe
497 3782 574 3839 toto
598 3737 758 3837 sernionis
781 3756 961 3855 refugisse,
985 3773 1020 3828 et

113 3869 210 3938 Cicer.
241 3868 331 3964 Oper.
361 3868 434 3958 Vol.
411 3862 510 3935 l.ls
821 3855 854 3927 G
1035 3964 1088 4056 Ι
