2302 4304
158 256 225 402 no
391 278 945 373 ouonrroua'

58 535 61 541 ,
152 462 248 538 modi
264 485 382 560 genere
397 461 556 550 orationis
587 460 668 533 nihil
684 426 787 551 enit,
810 456 872 533 nisr
894 458 1027 550 falsum,
1056 464 1112 535 at'·

93 664 96 669 ,
121 585 125 609 “
150 569 406 670 queimitatione
427 571 632 661 simulatum,
657 570 772 642 maior
786 594 838 643 ars
853 564 961 667 aliqua
974 567 1110 643 forfitan

142 679 230 752 esset
243 679 447 776 requirenda.
472 703 560 751 nunc
569 702 653 776 ego,
676 676 758 774 quid
773 675 854 766 tibi,
878 677 1112 778 Craffe,quid

151 789 268 861 ceteris
283 787 429 877 accidat,
466 785 601 858 nescio:
627 785 669 856 de
688 808 743 856 rne
773 800 882 857 autem
907 784 1002 857 causa
1023 787 1112 858 nulla

149 894 217 983 est,
236 921 301 970 cur
315 895 403 994 apud
415 895 567 969 homines
579 891 843 991 prudentiffimos
868 892 1112 989 atque-amicis-

116 1033 122 1049 ¹
150 1002 250 1078 srmos
267 1005 417 1078 mentiar.
450 1027 521 1076 non
547 1001 733 1076 mehercule
753 1027 900 1100 unquam
919 1002 1012 1099 apud
1023 1002 1111 1075 iudi·

150 1138 206 1187 ces
217 1133 274 1188 aut
290 1114 467 1204 dolorem,
484 1135 540 1187 aut
551 1112 828 1201 misericordiam,
838 1156 842 1161 -
852 1134 920 1185 aru-
931 1109 1110 1202 invidiam,

149 1240 205 1295 aut
226 1224 343 1296 odium
370 1224 514 1297 excitare
548 1222 839 1309 dicendo-volui3
877 1223 959 1320 quin
980 1222 1051 1320 ipse
1074 1224 1109 1297 in

26 1360 29 1365 ·
149 1334 406 1416 commovendis
422 1333 611 1426 iudicibus,
634 1336 673 1408 iis
690 1334 767 1433 ipsis
779 1332 919 1432 sensibus
930 1382 944 1420 ‚
957 1333 1011 1406 a'd
1024 1360 1110 1433 quos

87 1474 135 1527 ¹90
148 1441 221 1516 illos
238 1444 401 1518 adducere
414 1446 554 1537 vellem,
579 1471 804 1544 permoverer
829 1445 948 1543 Neque
956 1447 1048 1519 enim
1057 1447 1110 1521 fa·

149 1561 211 1633 cile
226 1561 272 1634 est
294 1560 473 1659 perficere,
490 1579 526 1634 ut
538 1562 689 1635 irascatur
707 1562 752 1649 ei,
765 1561 820 1634 cui
831 1577 872 1633 -tu
883 1559 980 1649 velis,
988 1560 1110 1648 iudex,

148 1665 173 1739 fi
197 1671 320 1768 tuipse
339 1670 376 1744 id
406 1671 493 1746 lente
515 1669 601 1745 ferre
624 1670 783 1744 videarer
822 1694 931 1769 neque
944 1687 984 1742 ut
996 1670 1109 1744 oderit

148 1804 248 1872 eum,
269 1808 369 1882 quem
387 1806 424 1857 ιιι
441 1782 544 1874 velis,
570 1781 630 1856 nisi
654 1782 794 1879 teipsum
812 1780 1005 1879 flagrantem
1023 1782 1110 1859 odio

147 1909 222 1964 ante
247 1893 395 1967 viderit:
432 1918 539 1991 neque
561 1896 604 1966 ad
628 1892 884 1979 misericordiam
899 1893 1109 1985 adducetur,

146 1998 206 2071 nifi
228 2001 259 2073 ei
276 2017 313 2073 tu
329 1999 417 2099 figna
435 2000 563 2072 doloris
574 1999 623 2070 tui
641 1999 773 2088 verbis,
799 1997 982 2086 sententiis,
1005 2022 1108 2088 voce,

145 2113 261 2203 vrdm,
277 2111 568 2211 collacrymatione
582 2109 724 2207 denique
737 2108 927 2182 ostenderis.
952 2112 1107 2185 Utenim

135 2223 231 2296 'nulla
240 2213 465 2297 materiestam
478 2219 582 2293 facilis
594 2217 924 2291 ad'exardescendum
936 2215 995 2302 est,
1006 2243 1106 2315 quae,

49 2396 55 2405 .
142 2334 203 2407 nisr
229 2337 367 2410 admoto
385 2334 483 2432 igni,
504 2331 615 2429 ignem
635 2329 812 2427 concipere
822 2327 938 2426 poffit:
953 2386 957 2404 2
972 2328 1105 2402 [icmd-

142 2446 173 2516 la
198 2472 293 2522 mens
318 2447 364 2521 est
377 2465 446 2520 tam
463 2444 505 2517 ad
531 2440 875 2550 comprehendendam
899 2440 972 2523 vim
986 2457 1103 2519 oratoae

119 2554 188 2624 ris
205 2574 335 2651 parata,
360 2582 445 2654 quae
464 2555 563 2653 poffit
576 2542 731 2646 incendi,
749 2552 808 2626 nifi
821 2552 1062 2626 inflammatus
1052 2582 1104 2652 rp-

80 2655 128 2744 46
143 2658 174 2731 se
188 2659 335 2747 adeam,
360 2681 393 2734 et
411 2665 528 2736 ardens
551 2663 729 2738 accefferis
775 2664 855 2752 hc,
869 2687 912 2734 ne
924 2661 1015 2734 forte
1034 2663 1102 2737 hoc

81 2787 126 2840 ¹91
142 2795 298 2869 magnum
318 2799 357 2847 ac
377 2775 525 2848 mirabile
555 2778 619 2848 effe
645 2776 817 2866 videatur,
849 2774 1022 2848 hominem
1047 2796 1101 2849 to-

141 2880 201 2953 ties
219 2881 335 2970 irasci,
371 2886 469 2959 toties
490 2888 630 2978 dolere,
655 2890 754 2962 toties
777 2888 871 2960 omni
892 2889 994 2976 animi
1021 2913 1099 2962 mo-

59 3046 62 3051 .
139 3009 178 3063 tu
191 2994 372 3086 concitari,
396 2992 584 3094 praesertim
597 2997 633 3068 in
654 3000 753 3073 rebus
763 2988 895 3088 alienis,
914 3002 1035 3097 magna
1046 3002 1100 3074 vis

138 3099 187 3174 est
199 3129 310 3178 earum
324 3108 573 3198 sententiarum,
586 3126 685 3208 atque
699 3134 815 3182 eorum
823 3108 993 3194 locorum,
1012 3134 1099 3208 quos

139 3236 215 3309 agas
228 3217 406 3316 tradesque
421 3218 585 3310 dicendo,
611 3220 692 3294 nihil
711 3239 748 3294 ut
766 3245 851 3318 opus
862 3217 901 3291 srt
914 3217 1099 3293 fimulatio·

135 3340 180 3390 ne
194 3342 228 3392 et
239 3322 380 3398 fallaciis.
404 3326 472 3423 ipsa
485 3327 575 3399 enim
593 3345 707 3418 natura
720 3328 879 3400 orationis'
897 3326 995 3419 eiua,
1014 3356 1099 3428 quae

135 3428 308 3526 suscipitur
325 3435 367 3505 ad
380 3430 521 3507 aliorum
547 3438 676 3511 animos
693 3437 957 3534 permovendoS,
980 3459 1099 3523 orato·

40 3604 44 3609 .
88 3566 119 3602 a
137 3567 209 3617 rem
227 3545 330 3642 ipsum
347 3550 450 3646 magis
468 3550 565 3620 etiam
577 3575 714 3647 ,quam
738 3576 938 3651 quemquam
953 3576 1098 3686 eorum,

44 3674 48 3681 “
76 3695 125 3748 e92
138 3679 196 3750 qu1
186 3656 364 3748 audiunt,
388 3676 573 3783 permovet.
622 3663 665 3734 Et
677 3689 719 3737 ne
732 3663 822 3737 hoc
813 3691 848 3736 m
859 3665 1009 3757 causa,
999 3671 1099 3742 miu-

95 3765 290 3861 diciis,
281 3795 317 3842 un
336 3770 520 3867 amicorum
543 3772 732 3933 periculis,
744 3777 782 3850 in
797 3776 961 3899 concrusu
978 3778 1097 3855 homi·
