<?xml version="1.0" encoding="UTF-8"?>
<!DOCTYPE html PUBLIC "-//W3C//DTD XHTML 1.0 Transitional//EN"
    "http://www.w3.org/TR/xhtml1/DTD/xhtml1-transitional.dtd">
<html xmlns="http://www.w3.org/1999/xhtml" xml:lang="en" lang="en">
 <head>
  <title>
</title>
<meta http-equiv="Content-Type" content="text/html;charset=utf-8" />
  <meta name='ocr-system' content='tesseract 3.04.00' />
  <meta name='ocr-capabilities' content='ocr_page ocr_carea ocr_par ocr_line ocrx_word'/>
</head>
<body>
  <div class='ocr_page' id='page_1' title='image "./mtulliiciceroni00plutgoog_0115.png"; bbox 0 0 2302 4304; ppageno 0'>
   <div class='ocr_carea' id='block_1_1' title="bbox 144 283 947 407">
    <p class='ocr_par' dir='ltr' id='par_1_1' title="bbox 144 283 947 407">
     <span class='ocr_line' id='line_1_1' title="bbox 144 283 947 407; baseline 0 -29"><span class='ocrx_word' id='word_1_1' title='bbox 144 308 212 379; x_wconf 71' lang='grc' dir='ltr'>ωε</span> <span class='ocrx_word' id='word_1_2' title='bbox 358 283 864 380; x_wconf 75' lang='lat' dir='ltr'>nnounronn</span> <span class='ocrx_word' id='word_1_3' title='bbox 945 403 947 407; x_wconf 11' lang='lat' dir='ltr'>y</span> 
     </span>
    </p>
   </div>
   <div class='ocr_carea' id='block_1_2' title="bbox 16 467 1136 3699">
    <p class='ocr_par' dir='ltr' id='par_1_2' title="bbox 16 467 1136 3672">
     <span class='ocr_line' id='line_1_2' title="bbox 16 467 1096 567; baseline -0.003 -25"><span class='ocrx_word' id='word_1_4' title='bbox 16 472 19 486; x_wconf 60' lang='lat'><em>¹</em></span> <span class='ocrx_word' id='word_1_5' title='bbox 141 467 337 559; x_wconf 84' lang='lat' dir='ltr'>dicendum,</span> <span class='ocrx_word' id='word_1_6' title='bbox 358 468 440 547; x_wconf 81' lang='lat' dir='ltr'>sicut</span> <span class='ocrx_word' id='word_1_7' title='bbox 458 469 593 567; x_wconf 90' lang='lat' dir='ltr'>potuit,</span> <span class='ocrx_word' id='word_1_8' title='bbox 611 469 765 542; x_wconf 85' lang='lat' dir='ltr'>dolavit:</span> <span class='ocrx_word' id='word_1_9' title='bbox 791 468 874 543; x_wconf 86' lang='lat' dir='ltr'>vicit</span> <span class='ocrx_word' id='word_1_10' title='bbox 899 480 1038 557; x_wconf 82' lang='lat' dir='ltr'>tamen,</span> <span class='ocrx_word' id='word_1_11' title='bbox 1056 483 1096 539; x_wconf 90' lang='lat' dir='ltr'>ut</span> 
     </span>
     <span class='ocr_line' id='line_1_3' title="bbox 53 572 1108 678; baseline 0 -27"><span class='ocrx_word' id='word_1_12' title='bbox 53 596 55 601; x_wconf 82' lang='lat'>&#39;</span> <span class='ocrx_word' id='word_1_13' title='bbox 96 611 123 661; x_wconf 61' lang='grc' dir='ltr'>ς,</span> <span class='ocrx_word' id='word_1_14' title='bbox 142 579 242 669; x_wconf 93' lang='lat' dir='ltr'>dicis,</span> <span class='ocrx_word' id='word_1_15' title='bbox 258 579 452 678; x_wconf 85' lang='lat' dir='ltr'>superiores.</span> <span class='ocrx_word' id='word_1_16' title='bbox 477 581 616 655; x_wconf 88' lang='lat' dir='ltr'>Minime</span> <span class='ocrx_word' id='word_1_17' title='bbox 634 572 772 670; x_wconf 83' lang='lat' dir='ltr'>miruni,</span> <span class='ocrx_word' id='word_1_18' title='bbox 790 579 897 676; x_wconf 89' lang='lat' dir='ltr'>inquit</span> <span class='ocrx_word' id='word_1_19' title='bbox 910 579 1074 652; x_wconf 81' lang='lat' dir='ltr'>Antonius</span> <span class='ocrx_word' id='word_1_20' title='bbox 1083 588 1108 671; x_wconf 82' lang='lat'>,&#39;‘</span> 
     </span>
     <span class='ocr_line' id='line_1_4' title="bbox 139 687 1095 788; baseline -0.006 -24"><span class='ocrx_word' id='word_1_21' title='bbox 139 691 166 764; x_wconf 88' lang='lat' dir='ltr'>fi</span> <span class='ocrx_word' id='word_1_22' title='bbox 198 690 256 763; x_wconf 82' lang='lat' dir='ltr'>ista</span> <span class='ocrx_word' id='word_1_23' title='bbox 278 717 330 764; x_wconf 88' lang='lat' dir='ltr'>res</span> <span class='ocrx_word' id='word_1_24' title='bbox 357 692 463 765; x_wconf 87' lang='lat' dir='ltr'>adhuc</span> <span class='ocrx_word' id='word_1_25' title='bbox 493 691 603 764; x_wconf 78' lang='lat' dir='ltr'>nostra</span> <span class='ocrx_word' id='word_1_26' title='bbox 628 691 736 788; x_wconf 68' lang='lat' dir='ltr'>lingua</span> <span class='ocrx_word' id='word_1_27' title='bbox 766 689 918 764; x_wconf 70' lang='lat' dir='ltr'>tumbata</span> <span class='ocrx_word' id='word_1_28' title='bbox 945 687 1095 762; x_wconf 89' lang='lat' dir='ltr'>nonest.</span> 
     </span>
     <span class='ocr_line' id='line_1_5' title="bbox 140 800 1094 900; baseline -0.005 -23"><span class='ocrx_word' id='word_1_29' title='bbox 140 805 253 877; x_wconf 88' lang='lat' dir='ltr'>Nemo</span> <span class='ocrx_word' id='word_1_30' title='bbox 284 802 373 877; x_wconf 87' lang='lat' dir='ltr'>enim</span> <span class='ocrx_word' id='word_1_31' title='bbox 394 801 500 875; x_wconf 89' lang='lat' dir='ltr'>studet</span> <span class='ocrx_word' id='word_1_32' title='bbox 530 800 734 900; x_wconf 86' lang='lat' dir='ltr'>eloquentiae</span> <span class='ocrx_word' id='word_1_33' title='bbox 756 800 947 874; x_wconf 87' lang='lat' dir='ltr'>nostrorum</span> <span class='ocrx_word' id='word_1_34' title='bbox 981 800 1094 873; x_wconf 87' lang='lat' dir='ltr'>homi·</span> 
     </span>
     <span class='ocr_line' id='line_1_6' title="bbox 55 909 1098 1014; baseline -0.012 -17"><span class='ocrx_word' id='word_1_35' title='bbox 55 992 59 997; x_wconf 91' lang='lat'>.</span> <span class='ocrx_word' id='word_1_36' title='bbox 139 942 222 991; x_wconf 89' lang='lat' dir='ltr'>num</span> <span class='ocrx_word' id='word_1_37' title='bbox 238 971 251 1009; x_wconf 91' lang='lat'>,</span> <span class='ocrx_word' id='word_1_38' title='bbox 266 918 326 991; x_wconf 82' lang='lat' dir='ltr'>nist</span> <span class='ocrx_word' id='word_1_39' title='bbox 340 916 425 992; x_wconf 86' lang='lat' dir='ltr'>utin</span> <span class='ocrx_word' id='word_1_40' title='bbox 451 917 550 990; x_wconf 79' lang='lat' dir='ltr'>causrs</span> <span class='ocrx_word' id='word_1_41' title='bbox 575 933 672 1014; x_wconf 87' lang='lat' dir='ltr'>atque</span> <span class='ocrx_word' id='word_1_42' title='bbox 687 917 722 989; x_wconf 90' lang='lat' dir='ltr'>in</span> <span class='ocrx_word' id='word_1_43' title='bbox 742 909 821 988; x_wconf 86' lang='lat' dir='ltr'>soro</span> <span class='ocrx_word' id='word_1_44' title='bbox 843 913 991 988; x_wconf 84' lang='lat' dir='ltr'>eluceat:</span> <span class='ocrx_word' id='word_1_45' title='bbox 1008 911 1098 1009; x_wconf 85' lang='lat' dir='ltr'>apud</span> 
     </span>
     <span class='ocr_line' id='line_1_7' title="bbox 33 1023 1098 1125; baseline -0.001 -30"><span class='ocrx_word' id='word_1_46' title='bbox 33 1068 37 1095; x_wconf 81' lang='lat' dir='ltr'>t</span> <span class='ocrx_word' id='word_1_47' title='bbox 134 1031 291 1102; x_wconf 83' lang='lat' dir='ltr'>-Graecos</span> <span class='ocrx_word' id='word_1_48' title='bbox 316 1044 426 1102; x_wconf 88' lang='lat' dir='ltr'>autem</span> <span class='ocrx_word' id='word_1_49' title='bbox 451 1024 703 1125; x_wconf 78' lang='lat' dir='ltr'>eloquentissimi</span> <span class='ocrx_word' id='word_1_50' title='bbox 729 1025 905 1114; x_wconf 87' lang='lat' dir='ltr'>homines,</span> <span class='ocrx_word' id='word_1_51' title='bbox 930 1023 1054 1098; x_wconf 84' lang='lat' dir='ltr'>remoti</span> <span class='ocrx_word' id='word_1_52' title='bbox 1079 1048 1098 1094; x_wconf 90' lang='lat' dir='ltr'>a</span> 
     </span>
     <span class='ocr_line' id='line_1_8' title="bbox 34 1134 1098 1229; baseline -0.001 -21"><span class='ocrx_word' id='word_1_53' title='bbox 34 1140 43 1154; x_wconf 84' lang='grc'>”</span> <span class='ocrx_word' id='word_1_54' title='bbox 143 1137 244 1211; x_wconf 84' lang='lat' dir='ltr'>caulis</span> <span class='ocrx_word' id='word_1_55' title='bbox 269 1135 469 1229; x_wconf 76' lang='lat' dir='ltr'>forensibus,</span> <span class='ocrx_word' id='word_1_56' title='bbox 486 1137 624 1211; x_wconf 85' lang='lat' dir='ltr'>eumad</span> <span class='ocrx_word' id='word_1_57' title='bbox 644 1154 764 1211; x_wconf 87' lang='lat' dir='ltr'>ceteras</span> <span class='ocrx_word' id='word_1_58' title='bbox 783 1158 836 1210; x_wconf 88' lang='lat' dir='ltr'>res</span> <span class='ocrx_word' id='word_1_59' title='bbox 855 1134 1014 1225; x_wconf 86' lang='lat' dir='ltr'>illustres,</span> <span class='ocrx_word' id='word_1_60' title='bbox 1026 1152 1098 1207; x_wconf 88' lang='lat' dir='ltr'>tum</span> 
     </span>
     <span class='ocr_line' id='line_1_9' title="bbox 144 1247 1100 1344; baseline 0 -26"><span class='ocrx_word' id='word_1_61' title='bbox 144 1248 187 1319; x_wconf 83' lang='lat' dir='ltr'>ad</span> <span class='ocrx_word' id='word_1_62' title='bbox 212 1249 413 1322; x_wconf 81' lang='lat' dir='ltr'>scribendam</span> <span class='ocrx_word' id='word_1_63' title='bbox 436 1249 605 1322; x_wconf 87' lang='lat' dir='ltr'>historiam</span> <span class='ocrx_word' id='word_1_64' title='bbox 629 1249 770 1321; x_wconf 80' lang='lat' dir='ltr'>maxime</span> <span class='ocrx_word' id='word_1_65' title='bbox 792 1247 824 1321; x_wconf 88' lang='lat' dir='ltr'>se</span> <span class='ocrx_word' id='word_1_66' title='bbox 842 1247 1100 1344; x_wconf 83' lang='lat' dir='ltr'>applicaverunt</span> 
     </span>
     <span class='ocr_line' id='line_1_10' title="bbox 79 1356 1100 1458; baseline 0.004 -31"><span class='ocrx_word' id='word_1_67' title='bbox 79 1358 87 1446; x_wconf 75' lang='lat' dir='ltr'><em>j</em></span> <span class='ocrx_word' id='word_1_68' title='bbox 147 1358 298 1456; x_wconf 88' lang='lat' dir='ltr'>Namque</span> <span class='ocrx_word' id='word_1_69' title='bbox 324 1375 358 1458; x_wconf 87' lang='lat' dir='ltr'>et</span> <span class='ocrx_word' id='word_1_70' title='bbox 378 1359 589 1432; x_wconf 88' lang='lat' dir='ltr'>Herodotum</span> <span class='ocrx_word' id='word_1_71' title='bbox 613 1359 731 1448; x_wconf 89' lang='lat' dir='ltr'>illum,</span> <span class='ocrx_word' id='word_1_72' title='bbox 749 1359 806 1457; x_wconf 90' lang='lat' dir='ltr'>qui</span> <span class='ocrx_word' id='word_1_73' title='bbox 830 1356 982 1455; x_wconf 87' lang='lat' dir='ltr'>princeps</span> <span class='ocrx_word' id='word_1_74' title='bbox 998 1383 1100 1458; x_wconf 85' lang='lat' dir='ltr'>genus</span> 
     </span>
     <span class='ocr_line' id='line_1_11' title="bbox 146 1464 1100 1557; baseline 0.005 -22"><span class='ocrx_word' id='word_1_75' title='bbox 146 1464 213 1537; x_wconf 91' lang='lat' dir='ltr'>hoc</span> <span class='ocrx_word' id='word_1_76' title='bbox 235 1466 395 1557; x_wconf 84' lang='lat' dir='ltr'>ornavit,</span> <span class='ocrx_word' id='word_1_77' title='bbox 418 1467 454 1538; x_wconf 88' lang='lat' dir='ltr'>in</span> <span class='ocrx_word' id='word_1_78' title='bbox 476 1467 578 1540; x_wconf 75' lang='lat' dir='ltr'>causis</span> <span class='ocrx_word' id='word_1_79' title='bbox 599 1466 839 1548; x_wconf 89' lang='lat' dir='ltr'>nihilomnino</span> <span class='ocrx_word' id='word_1_80' title='bbox 860 1466 1025 1540; x_wconf 84' lang='lat' dir='ltr'>versatum</span> <span class='ocrx_word' id='word_1_81' title='bbox 1037 1465 1100 1540; x_wconf 84' lang='lat' dir='ltr'>esse</span> 
     </span>
     <span class='ocr_line' id='line_1_12' title="bbox 62 1577 1136 1679; baseline 0.005 -31"><span class='ocrx_word' id='word_1_82' title='bbox 62 1588 64 1617; x_wconf 83' lang='lat'>³</span> <span class='ocrx_word' id='word_1_83' title='bbox 146 1577 339 1677; x_wconf 76' lang='lat' dir='ltr'>accepimus.</span> <span class='ocrx_word' id='word_1_84' title='bbox 365 1580 454 1679; x_wconf 85' lang='lat' dir='ltr'>atqui</span> <span class='ocrx_word' id='word_1_85' title='bbox 481 1597 569 1653; x_wconf 83' lang='lat' dir='ltr'>tanta</span> <span class='ocrx_word' id='word_1_86' title='bbox 594 1579 641 1652; x_wconf 88' lang='lat' dir='ltr'>est</span> <span class='ocrx_word' id='word_1_87' title='bbox 667 1580 871 1678; x_wconf 79' lang='lat' dir='ltr'>eloquentia,</span> <span class='ocrx_word' id='word_1_88' title='bbox 887 1595 1005 1653; x_wconf 85' lang='lat' dir='ltr'>utme</span> <span class='ocrx_word' id='word_1_89' title='bbox 1024 1578 1100 1679; x_wconf 88' lang='lat' dir='ltr'>qui·</span> <span class='ocrx_word' id='word_1_90' title='bbox 1133 1596 1136 1602; x_wconf 80' lang='grc'>’</span> 
     </span>
     <span class='ocr_line' id='line_1_13' title="bbox 146 1689 1103 1791; baseline 0.003 -29"><span class='ocrx_word' id='word_1_91' title='bbox 146 1689 250 1781; x_wconf 89' lang='lat' dir='ltr'>dem,</span> <span class='ocrx_word' id='word_1_92' title='bbox 266 1709 425 1790; x_wconf 86' lang='lat' dir='ltr'>quantum</span> <span class='ocrx_word' id='word_1_93' title='bbox 443 1714 507 1790; x_wconf 89' lang='lat' dir='ltr'>ego</span> <span class='ocrx_word' id='word_1_94' title='bbox 528 1694 656 1766; x_wconf 87' lang='lat' dir='ltr'>Graece</span> <span class='ocrx_word' id='word_1_95' title='bbox 681 1691 798 1787; x_wconf 86' lang='lat' dir='ltr'>scripta</span> <span class='ocrx_word' id='word_1_96' title='bbox 820 1689 1000 1791; x_wconf 85' lang='lat' dir='ltr'>intelligere</span> <span class='ocrx_word' id='word_1_97' title='bbox 1024 1693 1103 1790; x_wconf 75' lang='lat' dir='ltr'>pos·</span> 
     </span>
     <span class='ocr_line' id='line_1_14' title="bbox 46 1797 1102 1898; baseline 0.004 -29"><span class='ocrx_word' id='word_1_98' title='bbox 46 1817 48 1824; x_wconf 70' lang='grc'><strong>“</strong></span> <span class='ocrx_word' id='word_1_99' title='bbox 100 1815 130 1880; x_wconf 83' lang='lat'>5⁶</span> <span class='ocrx_word' id='word_1_100' title='bbox 148 1798 242 1888; x_wconf 88' lang='lat' dir='ltr'>sum,</span> <span class='ocrx_word' id='word_1_101' title='bbox 264 1821 465 1898; x_wconf 85' lang='lat' dir='ltr'>magnopere</span> <span class='ocrx_word' id='word_1_102' title='bbox 491 1801 637 1877; x_wconf 68' lang='lat' dir='ltr'>deledeb</span> <span class='ocrx_word' id='word_1_103' title='bbox 675 1803 717 1873; x_wconf 82' lang='lat' dir='ltr'>Et</span> <span class='ocrx_word' id='word_1_104' title='bbox 741 1797 816 1898; x_wconf 89' lang='lat' dir='ltr'>post</span> <span class='ocrx_word' id='word_1_105' title='bbox 841 1799 934 1871; x_wconf 91' lang='lat' dir='ltr'>illum</span> <span class='ocrx_word' id='word_1_106' title='bbox 957 1799 1102 1898; x_wconf 81' lang='lat' dir='ltr'>Thucy-</span> 
     </span>
     <span class='ocr_line' id='line_1_15' title="bbox 148 1906 1103 2003; baseline 0.003 -26"><span class='ocrx_word' id='word_1_107' title='bbox 148 1906 244 1979; x_wconf 86' lang='lat' dir='ltr'>dides</span> <span class='ocrx_word' id='word_1_108' title='bbox 271 1932 388 1982; x_wconf 89' lang='lat' dir='ltr'>omnes</span> <span class='ocrx_word' id='word_1_109' title='bbox 418 1908 548 1982; x_wconf 91' lang='lat' dir='ltr'>dicendi</span> <span class='ocrx_word' id='word_1_110' title='bbox 575 1907 741 2002; x_wconf 85' lang='lat' dir='ltr'>artificio,</span> <span class='ocrx_word' id='word_1_111' title='bbox 765 1932 838 1999; x_wconf 73' lang='lat' dir='ltr'>mea</span> <span class='ocrx_word' id='word_1_112' title='bbox 859 1907 1032 2003; x_wconf 81' lang='lat' dir='ltr'>sententia,</span> <span class='ocrx_word' id='word_1_113' title='bbox 1053 1907 1103 1989; x_wconf 58' lang='lat' dir='ltr'>sae</span> 
     </span>
     <span class='ocr_line' id='line_1_16' title="bbox 16 2006 1104 2120; baseline 0.004 -30"><span class='ocrx_word' id='word_1_114' title='bbox 16 2048 18 2054; x_wconf 95' lang='lat'>·</span> <span class='ocrx_word' id='word_1_115' title='bbox 75 2007 102 2115; x_wconf 80' lang='grc' dir='ltr'> </span> <span class='ocrx_word' id='word_1_116' title='bbox 148 2017 210 2094; x_wconf 90' lang='lat' dir='ltr'>cile</span> <span class='ocrx_word' id='word_1_117' title='bbox 232 2018 342 2092; x_wconf 86' lang='lat' dir='ltr'>vicit:</span> <span class='ocrx_word' id='word_1_118' title='bbox 360 2022 419 2120; x_wconf 84' lang='lat' dir='ltr'>qui</span> <span class='ocrx_word' id='word_1_119' title='bbox 445 2023 489 2095; x_wconf 85' lang='lat' dir='ltr'>ita</span> <span class='ocrx_word' id='word_1_120' title='bbox 514 2021 629 2094; x_wconf 89' lang='lat' dir='ltr'>creber</span> <span class='ocrx_word' id='word_1_121' title='bbox 649 2018 696 2094; x_wconf 89' lang='lat' dir='ltr'>est</span> <span class='ocrx_word' id='word_1_122' title='bbox 715 2041 827 2097; x_wconf 87' lang='lat' dir='ltr'>rerum</span> <span class='ocrx_word' id='word_1_123' title='bbox 848 2006 1052 2115; x_wconf 73' lang='lat' dir='ltr'>frequentia,</span> <span class='ocrx_word' id='word_1_124' title='bbox 1068 2030 1104 2116; x_wconf 70' lang='lat' dir='ltr'>iit</span> 
     </span>
     <span class='ocr_line' id='line_1_17' title="bbox 46 2125 1135 2229; baseline 0.002 -28"><span class='ocrx_word' id='word_1_125' title='bbox 46 2130 50 2143; x_wconf 72' lang='grc'><strong>“</strong></span> <span class='ocrx_word' id='word_1_126' title='bbox 148 2127 329 2201; x_wconf 85' lang='lat' dir='ltr'>verborum</span> <span class='ocrx_word' id='word_1_127' title='bbox 362 2153 468 2227; x_wconf 89' lang='lat' dir='ltr'>prope</span> <span class='ocrx_word' id='word_1_128' title='bbox 499 2153 672 2202; x_wconf 87' lang='lat' dir='ltr'>numerum</span> <span class='ocrx_word' id='word_1_129' title='bbox 700 2125 931 2199; x_wconf 84' lang='lat' dir='ltr'>sententiarum</span> <span class='ocrx_word' id='word_1_130' title='bbox 960 2147 1104 2229; x_wconf 88' lang='lat' dir='ltr'>numero</span> <span class='ocrx_word' id='word_1_131' title='bbox 1132 2198 1135 2203; x_wconf 78' lang='grc'>,</span> 
     </span>
     <span class='ocr_line' id='line_1_18' title="bbox 149 2238 1106 2341; baseline -0.002 -28"><span class='ocrx_word' id='word_1_132' title='bbox 149 2240 390 2340; x_wconf 75' lang='lat' dir='ltr'>consequaturz</span> <span class='ocrx_word' id='word_1_133' title='bbox 407 2242 453 2315; x_wconf 91' lang='lat' dir='ltr'>ita</span> <span class='ocrx_word' id='word_1_134' title='bbox 471 2265 573 2341; x_wconf 90' lang='lat' dir='ltr'>porto</span> <span class='ocrx_word' id='word_1_135' title='bbox 591 2240 702 2317; x_wconf 82' lang='lat' dir='ltr'>verbis</span> <span class='ocrx_word' id='word_1_136' title='bbox 721 2253 834 2336; x_wconf 85' lang='lat' dir='ltr'>aptus,</span> <span class='ocrx_word' id='word_1_137' title='bbox 856 2260 890 2310; x_wconf 90' lang='lat' dir='ltr'>et</span> <span class='ocrx_word' id='word_1_138' title='bbox 909 2238 1055 2334; x_wconf 76' lang='lat' dir='ltr'>pressus,</span> <span class='ocrx_word' id='word_1_139' title='bbox 1069 2256 1106 2311; x_wconf 88' lang='lat' dir='ltr'>ut</span> 
     </span>
     <span class='ocr_line' id='line_1_19' title="bbox 150 2347 1106 2442; baseline 0.003 -20"><span class='ocrx_word' id='word_1_140' title='bbox 150 2349 296 2442; x_wconf 86' lang='lat' dir='ltr'>nescias,</span> <span class='ocrx_word' id='word_1_141' title='bbox 323 2369 437 2424; x_wconf 90' lang='lat' dir='ltr'>utrum</span> <span class='ocrx_word' id='word_1_142' title='bbox 466 2377 518 2427; x_wconf 89' lang='lat' dir='ltr'>res</span> <span class='ocrx_word' id='word_1_143' title='bbox 548 2351 725 2439; x_wconf 84' lang='lat' dir='ltr'>oratione,</span> <span class='ocrx_word' id='word_1_144' title='bbox 750 2373 792 2420; x_wconf 88' lang='lat' dir='ltr'>an</span> <span class='ocrx_word' id='word_1_145' title='bbox 816 2347 919 2422; x_wconf 86' lang='lat' dir='ltr'>verba</span> <span class='ocrx_word' id='word_1_146' title='bbox 940 2349 1106 2425; x_wconf 84' lang='lat' dir='ltr'>sententiis</span> 
     </span>
     <span class='ocr_line' id='line_1_20' title="bbox 149 2455 1106 2560; baseline 0.003 -33"><span class='ocrx_word' id='word_1_147' title='bbox 149 2455 357 2534; x_wconf 84' lang='lat' dir='ltr'>illustremur.</span> <span class='ocrx_word' id='word_1_148' title='bbox 397 2461 500 2560; x_wconf 87' lang='lat' dir='ltr'>Atqui</span> <span class='ocrx_word' id='word_1_149' title='bbox 519 2463 572 2536; x_wconf 51' lang='lat' dir='ltr'>*ne&#39;</span> <span class='ocrx_word' id='word_1_150' title='bbox 598 2461 687 2534; x_wconf 76' lang='lat' dir='ltr'>hrurc</span> <span class='ocrx_word' id='word_1_151' title='bbox 716 2458 873 2557; x_wconf 90' lang='lat' dir='ltr'>quidem,</span> <span class='ocrx_word' id='word_1_152' title='bbox 905 2483 1106 2559; x_wconf 86' lang='lat' dir='ltr'>quamquam</span> 
     </span>
     <span class='ocr_line' id='line_1_21' title="bbox 83 2558 1121 2668; baseline 0.006 -29"><span class='ocrx_word' id='word_1_153' title='bbox 83 2615 88 2631; x_wconf 85' lang='lat'><strong>·</strong></span> <span class='ocrx_word' id='word_1_154' title='bbox 151 2567 253 2640; x_wconf 90' lang='lat' dir='ltr'>estin</span> <span class='ocrx_word' id='word_1_155' title='bbox 279 2574 448 2668; x_wconf 84' lang='lat' dir='ltr'>republica</span> <span class='ocrx_word' id='word_1_156' title='bbox 481 2575 648 2666; x_wconf 88' lang='lat' dir='ltr'>versatus,</span> <span class='ocrx_word' id='word_1_157' title='bbox 680 2601 722 2648; x_wconf 86' lang='lat' dir='ltr'>ex</span> <span class='ocrx_word' id='word_1_158' title='bbox 748 2582 887 2644; x_wconf 89' lang='lat' dir='ltr'>num&#39;ero</span> <span class='ocrx_word' id='word_1_159' title='bbox 919 2558 1121 2668; x_wconf 74' lang='lat' dir='ltr'>accepimus</span> 
     </span>
     <span class='ocr_line' id='line_1_22' title="bbox 151 2681 1105 2780; baseline 0.014 -33"><span class='ocrx_word' id='word_1_160' title='bbox 151 2702 270 2750; x_wconf 90' lang='lat' dir='ltr'>eorum</span> <span class='ocrx_word' id='word_1_161' title='bbox 285 2733 297 2769; x_wconf 91' lang='lat'>,</span> <span class='ocrx_word' id='word_1_162' title='bbox 313 2681 372 2780; x_wconf 90' lang='lat' dir='ltr'>qui</span> <span class='ocrx_word' id='word_1_163' title='bbox 400 2685 508 2757; x_wconf 88' lang='lat' dir='ltr'>causas</span> <span class='ocrx_word' id='word_1_164' title='bbox 534 2685 745 2758; x_wconf 72' lang='lat' dir='ltr'>disiitaruntz·</span> <span class='ocrx_word' id='word_1_165' title='bbox 766 2691 800 2756; x_wconf 90' lang='lat' dir='ltr'>et</span> <span class='ocrx_word' id='word_1_166' title='bbox 825 2682 889 2755; x_wconf 91' lang='lat' dir='ltr'>hos</span> <span class='ocrx_word' id='word_1_167' title='bbox 912 2681 1018 2754; x_wconf 84' lang='lat' dir='ltr'>libros</span> <span class='ocrx_word' id='word_1_168' title='bbox 1030 2690 1105 2759; x_wconf 49' lang='lat' dir='ltr'>¹tum</span> 
     </span>
     <span class='ocr_line' id='line_1_23' title="bbox 151 2786 1108 2892; baseline 0.008 -34"><span class='ocrx_word' id='word_1_169' title='bbox 151 2786 306 2885; x_wconf 75' lang='lat' dir='ltr'>scripsisse</span> <span class='ocrx_word' id='word_1_170' title='bbox 323 2792 566 2885; x_wconf 57' lang='lat' dir='ltr'>“dicitur,2cum</span> <span class='ocrx_word' id='word_1_171' title='bbox 589 2820 608 2867; x_wconf 90' lang='lat' dir='ltr'>a</span> <span class='ocrx_word' id='word_1_172' title='bbox 628 2794 794 2891; x_wconf 85' lang='lat' dir='ltr'>republica</span> <span class='ocrx_word' id='word_1_173' title='bbox 816 2804 1108 2892; x_wconf 63' lang='lat' dir='ltr'>morimurque,</span> 
     </span>
     <span class='ocr_line' id='line_1_24' title="bbox 153 2897 1107 3000; baseline 0.006 -32"><span class='ocrx_word' id='word_1_174' title='bbox 153 2897 188 2969; x_wconf 91' lang='lat' dir='ltr'>id</span> <span class='ocrx_word' id='word_1_175' title='bbox 210 2899 304 2996; x_wconf 91' lang='lat' dir='ltr'>quod</span> <span class='ocrx_word' id='word_1_176' title='bbox 327 2903 459 2997; x_wconf 89' lang='lat' dir='ltr'>optimo</span> <span class='ocrx_word' id='word_1_177' title='bbox 485 2901 604 3000; x_wconf 90' lang='lat' dir='ltr'>cuique</span> <span class='ocrx_word' id='word_1_178' title='bbox 634 2902 770 2975; x_wconf 85' lang='lat' dir='ltr'>Athenis</span> <span class='ocrx_word' id='word_1_179' title='bbox 802 2900 948 2973; x_wconf 86' lang='lat' dir='ltr'>accidere</span> <span class='ocrx_word' id='word_1_180' title='bbox 975 2899 1107 2974; x_wconf 91' lang='lat' dir='ltr'>solitum</span> 
     </span>
     <span class='ocr_line' id='line_1_25' title="bbox 105 3009 1108 3112; baseline -0.002 -23"><span class='ocrx_word' id='word_1_181' title='bbox 105 3041 135 3089; x_wconf 82' lang='lat'>57</span> <span class='ocrx_word' id='word_1_182' title='bbox 154 3009 225 3100; x_wconf 84' lang='lat' dir='ltr'>est,</span> <span class='ocrx_word' id='word_1_183' title='bbox 244 3011 279 3082; x_wconf 92' lang='lat' dir='ltr'>in</span> <span class='ocrx_word' id='word_1_184' title='bbox 297 3011 441 3090; x_wconf 76' lang='lat' dir='ltr'>exsilium</span> <span class='ocrx_word' id='word_1_185' title='bbox 465 3015 573 3112; x_wconf 87' lang='lat' dir='ltr'>pulsus</span> <span class='ocrx_word' id='word_1_186' title='bbox 595 3015 683 3089; x_wconf 85' lang='lat' dir='ltr'>effet.</span> <span class='ocrx_word' id='word_1_187' title='bbox 709 3018 808 3094; x_wconf 88' lang='lat' dir='ltr'>Hunc</span> <span class='ocrx_word' id='word_1_188' title='bbox 839 3015 1032 3090; x_wconf 85' lang='lat' dir='ltr'>consecutus</span> <span class='ocrx_word' id='word_1_189' title='bbox 1062 3012 1108 3088; x_wconf 85' lang='lat' dir='ltr'>est</span> 
     </span>
     <span class='ocr_line' id='line_1_26' title="bbox 154 3118 1108 3254; baseline 0.007 -63"><span class='ocrx_word' id='word_1_190' title='bbox 154 3123 340 3220; x_wconf 77' lang='lat' dir='ltr'>Syracusius</span> <span class='ocrx_word' id='word_1_191' title='bbox 369 3127 541 3219; x_wconf 87' lang='lat' dir='ltr'>Philistus,</span> <span class='ocrx_word' id='word_1_192' title='bbox 543 3129 657 3254; x_wconf 77' lang='lat' dir='ltr'>qui,</span> <span class='ocrx_word' id='word_1_193' title='bbox 687 3154 763 3201; x_wconf 88' lang='lat' dir='ltr'>cum</span> <span class='ocrx_word' id='word_1_194' title='bbox 779 3118 949 3228; x_wconf 61' lang='lat' dir='ltr'>&#39;Dionysii</span> <span class='ocrx_word' id='word_1_195' title='bbox 976 3121 1108 3225; x_wconf 67' lang='lat' dir='ltr'>tyranni</span> 
     </span>
     <span class='ocr_line' id='line_1_27' title="bbox 155 3233 1108 3330; baseline 0.006 -25"><span class='ocrx_word' id='word_1_196' title='bbox 155 3233 414 3317; x_wconf 77' lang='lat' dir='ltr'>familiarissumis</span> <span class='ocrx_word' id='word_1_197' title='bbox 443 3238 547 3330; x_wconf 87' lang='lat' dir='ltr'>esset,</span> <span class='ocrx_word' id='word_1_198' title='bbox 566 3239 672 3312; x_wconf 83' lang='lat' dir='ltr'>otium</span> <span class='ocrx_word' id='word_1_199' title='bbox 693 3241 786 3312; x_wconf 90' lang='lat' dir='ltr'>suum</span> <span class='ocrx_word' id='word_1_200' title='bbox 813 3237 991 3311; x_wconf 83' lang='lat' dir='ltr'>consumsit</span> <span class='ocrx_word' id='word_1_201' title='bbox 1006 3233 1108 3323; x_wconf 82' lang='lat' dir='ltr'>inhi-</span> 
     </span>
     <span class='ocr_line' id='line_1_28' title="bbox 155 3341 1110 3464; baseline 0.008 -52"><span class='ocrx_word' id='word_1_202' title='bbox 155 3341 263 3414; x_wconf 88' lang='lat' dir='ltr'>storia</span> <span class='ocrx_word' id='word_1_203' title='bbox 267 3345 434 3420; x_wconf 81' lang='lat' dir='ltr'>scribenda</span> <span class='ocrx_word' id='word_1_204' title='bbox 445 3349 680 3464; x_wconf 84' lang='lat' dir='ltr'>,maximeque</span> <span class='ocrx_word' id='word_1_205' title='bbox 697 3349 933 3450; x_wconf 73' lang='lat' dir='ltr'>Thucydidem</span> <span class='ocrx_word' id='word_1_206' title='bbox 951 3347 1013 3435; x_wconf 87' lang='lat' dir='ltr'>est,</span> <span class='ocrx_word' id='word_1_207' title='bbox 1028 3347 1110 3421; x_wconf 81' lang='lat' dir='ltr'>sicut</span> 
     </span>
     <span class='ocr_line' id='line_1_29' title="bbox 154 3430 1110 3557; baseline 0.006 -31"><span class='ocrx_word' id='word_1_208' title='bbox 154 3444 249 3526; x_wconf 87' lang='lat' dir='ltr'>mihi</span> <span class='ocrx_word' id='word_1_209' title='bbox 270 3457 425 3549; x_wconf 83' lang='lat' dir='ltr'>videtur,</span> <span class='ocrx_word' id='word_1_210' title='bbox 457 3430 610 3535; x_wconf 87' lang='lat' dir='ltr'>imitatus.</span> <span class='ocrx_word' id='word_1_211' title='bbox 666 3461 780 3534; x_wconf 84' lang='lat' dir='ltr'>Postea</span> <span class='ocrx_word' id='word_1_212' title='bbox 819 3485 921 3550; x_wconf 91' lang='lat' dir='ltr'>vero,</span> <span class='ocrx_word' id='word_1_213' title='bbox 946 3459 1040 3557; x_wconf 78' lang='lat' dir='ltr'>quast</span> <span class='ocrx_word' id='word_1_214' title='bbox 1069 3483 1110 3532; x_wconf 83' lang='lat' dir='ltr'>ex</span> 
     </span>
     <span class='ocr_line' id='line_1_30' title="bbox 156 3563 1110 3699; baseline 0.002 -56"><span class='ocrx_word' id='word_1_215' title='bbox 156 3569 324 3644; x_wconf 85' lang='lat' dir='ltr'>clarissima</span> <span class='ocrx_word' id='word_1_216' title='bbox 345 3563 487 3644; x_wconf 82' lang='lat' dir='ltr'>rhetoris</span> <span class='ocrx_word' id='word_1_217' title='bbox 515 3574 669 3663; x_wconf 89' lang='lat' dir='ltr'>officina,</span> <span class='ocrx_word' id='word_1_218' title='bbox 699 3574 766 3645; x_wconf 93' lang='lat' dir='ltr'>duo</span> <span class='ocrx_word' id='word_1_219' title='bbox 791 3573 1024 3672; x_wconf 82' lang='lat' dir='ltr'>praestantes</span> <span class='ocrx_word' id='word_1_220' title='bbox 1015 3597 1110 3699; x_wconf 83' lang='lat' dir='ltr'>mge-</span> 
     </span>
    </p>
   </div>
   <div class='ocr_carea' id='block_1_3' title="bbox 155 3683 1117 3893">
    <p class='ocr_par' dir='ltr' id='par_1_3' title="bbox 155 3683 1117 3893">
     <span class='ocr_line' id='line_1_31' title="bbox 155 3683 1113 3782; baseline 0.003 -29.003"><span class='ocrx_word' id='word_1_221' title='bbox 155 3683 236 3773; x_wconf 91' lang='lat' dir='ltr'>nio,</span> <span class='ocrx_word' id='word_1_222' title='bbox 256 3683 496 3780; x_wconf 88' lang='lat' dir='ltr'>Theopompus</span> <span class='ocrx_word' id='word_1_223' title='bbox 522 3701 555 3756; x_wconf 91' lang='lat' dir='ltr'>et</span> <span class='ocrx_word' id='word_1_224' title='bbox 577 3685 751 3782; x_wconf 86' lang='lat' dir='ltr'>Ephorus,</span> <span class='ocrx_word' id='word_1_225' title='bbox 775 3687 817 3757; x_wconf 92' lang='lat' dir='ltr'>ab</span> <span class='ocrx_word' id='word_1_226' title='bbox 839 3686 989 3758; x_wconf 80' lang='lat' dir='ltr'>lsocrate-</span> <span class='ocrx_word' id='word_1_227' title='bbox 1004 3685 1113 3782; x_wconf 81' lang='lat' dir='ltr'>magi-</span> 
     </span>
     <span class='ocr_line' id='line_1_32' title="bbox 157 3793 1117 3893; baseline -0.001 -23"><span class='ocrx_word' id='word_1_228' title='bbox 157 3793 400 3893; x_wconf 73' lang='lat' dir='ltr'>stro&#39;rmpulsr,</span> <span class='ocrx_word' id='word_1_229' title='bbox 430 3795 463 3871; x_wconf 91' lang='lat' dir='ltr'>se</span> <span class='ocrx_word' id='word_1_230' title='bbox 488 3794 528 3867; x_wconf 88' lang='lat' dir='ltr'>ad</span> <span class='ocrx_word' id='word_1_231' title='bbox 549 3794 716 3873; x_wconf 80' lang='lat' dir='ltr'>historiam</span> <span class='ocrx_word' id='word_1_232' title='bbox 744 3796 954 3871; x_wconf 76' lang='lat' dir='ltr'>contelerunt</span> <span class='ocrx_word' id='word_1_233' title='bbox 972 3819 982 3866; x_wconf 71' lang='grc' dir='ltr'><strong><em>ε</em></strong></span> <span class='ocrx_word' id='word_1_234' title='bbox 1003 3794 1117 3877; x_wconf 74' lang='lat' dir='ltr'>causas</span> 
     </span>
    </p>
   </div>
   <div class='ocr_carea' id='block_1_4' title="bbox 0 0 1176 4304">
    <p class='ocr_par' dir='ltr' id='par_1_4' title="bbox 0 0 1176 4304">
     <span class='ocr_line' id='line_1_33' title="bbox 0 0 1176 4304; baseline 0 0"><span class='ocrx_word' id='word_1_235' title='bbox 0 0 1176 4304; x_wconf 95' lang='lat' dir='ltr'> </span> 
     </span>
    </p>
   </div>
  </div>
 </body>
</html>
