2302 4304
582 160 596 193 0

76 288 206 382 -184
293 291 464 378 pe
511 243 882 385 ourrou'e

132 453 267 553 quidam
296 453 385 526 malo
420 479 539 552 genere
566 475 660 531 natus
674 459 822 545 diceret,
842 461 1015 560 indignum
1033 462 1100 535 esse

90 598 96 625 t
133 569 197 644 suis
206 570 398 669 maioribpS,
409 576 462 644 At
469 576 605 663 hercule,
620 574 740 673 inquit,
753 599 788 646 tn
804 581 868 648 tuis
878 581 1004 674 dignus.
1019 579 1100 650 Sae-.

130 703 174 776 pe
185 679 284 752 etiam
293 678 489 754 sententiose
500 682 638 756 ridicula
650 685 820 756 dicunmr:
835 703 873 757 ut
886 690 933 759 M.
948 684 1099 775 Cincius,

18 868 22 875 ,
130 812 201 889 quo
228 792 282 866 die'
312 791 419 891 legem
442 793 482 864 de
502 793 599 867 donis
627 812 660 866 et
682 794 874 868 muneribus
901 795 993 887 tulit,
1019 785 1110 869 cum'

130 903 172 977 C
191 904 303 977 Cento
332 904 529 1000 prodiisset,
553 927 588 979 et
613 907 687 980 satis
717 907 979 995 contumeliose,
1006 915 1114 1006 Quid.

125 1014 217 1104 fers,
246 1014 404 1086 Cinciolael
427 1015 612 1140 quaesisset·
637 1023 686 1090 Ut
706 1045 812 1103 emas,
828 1017 956 1115 inquit,
978 1018 1105 1117 Cai,fi

44 1140 113 1207 487
131 1128 189 1196 uti
204 1129 291 1196 velis.
339 1121 442 1222 Saepe
464 1127 563 1198 etiam
600 1127 694 1217 salse,
730 1154 813 1226 quae
840 1127 912 1199 sieri
930 1154 1000 1202 non
1023 1131 1102 1227 pos-

37 1285 39 1289 ·
73 1267 80 1285 -
132 1232 226 1318 sunt,
239 1250 411 1328 optantur:
425 1252 461 1306 ut
476 1236 524 1306 M.
538 1236 680 1331 Lepidus
694 1289 705 1325 ,
720 1261 817 1321 cum,
833 1232 948 1308 ceteris
958 1237 992 1308 in
1008 1263 1101 1310 cam·

67 1340 69 1344 ⁸
131 1341 441 1436 poexercentibus,
465 1338 501 1411 in
518 1341 620 1414 herba
640 1344 707 1440 ipse
731 1345 950 1436 recubuisset,
983 1351 1101 1418 Vellem

133 1451 189 1521 hoc
208 1449 302 1548 affer,
333 1450 467 1548 inquit,
487 1454 633 1524 laborare.
661 1453 784 1527 Salsum
803 1452 851 1525 est
863 1453 980 1543 etiam,
994 1481 1101 1553 quae-

46 1584 48 1589 ·
133 1560 280 1632 rentibus
303 1580 335 1634 et
358 1561 446 1658 quast
471 1562 745 1660 percontantibus
762 1563 849 1634 lente
875 1561 1103 1660 respondere,

134 1671 229 1770 quod
239 1673 377 1745 nolent:
400 1692 437 1746 ut
462 1675 578 1748 censor
595 1669 757 1772 Lepidus,
779 1700 859 1748 ,cum
883 1680 931 1748 M.
958 1677 1103 1750 Antistio

134 1786 292 1885 Pyrgensi
307 1792 430 1886 equum
450 1788 644 1877 ademisset,
681 1780 847 1886 amicique
862 1812 938 1862 cum
964 1780 1112 1862 vocise?

41 1993 43 1997 Ι
87 1912 90 1919 “
134 1916 305 1984 rarentur,
331 1916 364 1970 et
382 1924 600 1997 quaererent,
614 1901 695 1996 quid
709 1901 762 1970 ille
783 1901 867 1997 patri
889 1900 949 1973 suo
968 1900 1104 1997 respon-

92 2091 95 2098 ,
134 2007 242 2093 deret,
270 2033 329 2079 cur
349 2010 539 2106 ademptum
561 2008 620 2080 fibi
642 2035 765 2107 equum
777 2009 925 2096 diceret,
945 2036 1023 2088 cum
1037 2034 1105 2106 op·

135 2119 234 2195 timus
248 2119 411 2213 colonus,
445 2124 662 2222 parcissimus,
684 2123 966 2213 modestissume,
989 2121 1105 2218 buga-

136 2228 270 2312 lissimus
299 2230 406 2304 esset:
439 2234 494 2303 Me
481 2233 659 2335 istorum,
695 2228 827 2329 inquit,
859 2233 959 2298 nidis
980 2235 1104 2302 credere.

68 2356 116 2408 288
138 2343 350 2444 Colliguntur
375 2371 394 2417 a
415 2326 552 2418 Graecis
575 2345 636 2417 alia
644 2339 827 2428 nonnulla,
852 2340 1104 2430 exsecrationes,

137 2457 393 2549 admirationes,
421 2460 628 2532 minationes
678 2458 742 2528 Sed
755 2457 838 2528 haec
851 2454 1107 2551 ipsunimismi-·

46 2630 51 2639 .
120 2563 173 2635 hi
203 2565 326 2639 'videor
347 2566 490 2638 mudta
480 2592 515 2636 m
540 2569 664 2663 'genera
692 2548 901 2657 descripsisse.
924 2578 1001 2629 nam
1031 2559 1103 2649 illa,

118 2694 224 2773 quae
244 2674 352 2746 verbi
363 2672 492 2744 ratione
510 2688 543 2744 et
557 2673 594 2744 vi
606 2671 840 2758 continentur,
871 2685 962 2740 certa
976 2665 1048 2737 fere
1067 2691 1104 2738 ac
1133 2757 1139 2774 ,

139 2783 274 2874 definita
298 2786 386 2890 sunt:
409 2803 494 2882 quae
513 2761 732 2880 plerumque,
751 2799 788 2854 ut
808 2797 884 2852 ante
908 2778 999 2867 dixi,
1030 2774 1104 2848 lau·
1124 2867 1126 2872 Ι

70 2912 117 2981 289
139 2878 222 2969 dari
223 2896 352 2995 magis,
382 2910 481 2994 quam
495 2896 596 2969 rideri
608 2897 726 2968 solent
760 2877 852 2967 Haec
864 2909 1002 2975 autem,
1020 2911 1105 2986 quae,

139 3005 241 3079 sunt
233 3033 268 3078 m
286 3031 347 3098 re,
381 3027 415 3081 et
431 3008 467 3080 in
486 3007 553 3104 ipsa
579 3003 759 3093 sententia,
793 3001 943 3100 partibus
961 2997 1062 3070 sunt
1053 3023 1105 3068 m-

99 3170 102 3182 ·
136 3102 382 3209 numerabilia,
421 3117 596 3217 generibus
622 3127 765 3223 pauca.
798 3107 1128 3208 Exspeslationibus'

73 3246 77 3256 '
139 3230 242 3303 enim
259 3231 495 3336 decipiendis,
522 3247 556 3302 et
590 3228 713 3302 nanrr'is
744 3225 886 3297 aliorum
906 3219 1108 3306 irridendis,

136 3340 291 3464 ipsorum
301 3341 436 3417 ridicule
459 3340 660 3430 indicandis,
683 3357 716 3411 et
739 3334 948 3409 similitudine
978 3332 1107 3427 turpio·-

54 3482 56 3487 ’
139 3449 197 3538 ris,
210 3467 243 3521 et
256 3449 521 3542 disimularione,
534 3445 775 3556 etsubabsurda
788 3442 944 3531 dicendo,
961 3458 996 3512 et
1010 3439 1106 3511 shdta

140 3563 438 3684 reprehendendo,
458 3561 539 3632 risus
556 3576 749 3632 moventur
773 3562 886 3654 Itaque
905 3553 1106 3626 imbuendus

119 3709 121 3713 v
141 3669 208 3742 est
199 3691 243 3757 rt,
264 3695 321 3767 qur
312 3666 452 3739 iocose
463 3666 534 3740 vult
547 3652 682 3753 dicere,
695 3663 784 3762 quasi
799 3686 916 3735 natura
932 3661 1102 3759 quadarn,

22 3830 43 3869 .·
75 3769 76 3773 ¹
141 3803 217 3878 apta
228 3774 274 3851 ad
278 3781 365 3855 baec
379 3767 513 3876 genera,
523 3801 556 3853 et
570 3777 718 3852 moribus
726 3827 738 3864 ,
752 3795 796 3853 ut
800 3778 841 3850 ad
856 3775 1014 3931 cuiusque
1026 3797 1103 3849 nro
