2304 4304
425 253 647 367 tisun
696 298 721 367 1.
1006 320 1053 397 39

47 476 53 501 ·
85 453 134 544 Q.
162 452 330 546 Varium,
351 454 481 529 vastum
504 455 677 529 hominem
695 475 792 554 atque
811 455 966 547 foedum,
981 483 1053 532 non

86 559 266 658 intelligit,
288 561 342 634 illa
365 563 434 660 ipsa
461 562 641 653 facultate,
669 589 899 662 quamcunque
927 567 1052 657 habet,

87 693 248 766 magnam
269 672 333 744 effe
355 673 546 747 incivitate
568 675 707 772 gratiam
722 674 964 746 consecutum?
988 677 1053 748 Sed
1073 686 1118 757 26

88 778 170 872 quia
196 780 239 850 de
264 800 400 873 oratore
437 785 649 880 quaerimus,
683 783 856 882 fingendus
886 784 930 856 est
956 786 1054 859 nobis
1075 804 1121 856 ns

88 888 248 962 oratione
269 890 406 983 nostra,
429 895 578 968 detrallis
601 895 759 967 omnibus
784 894 896 980 vitiis,
918 915 1054 986 orator,

89 1021 190 1098 atque
217 1005 312 1075 omni
330 1006 425 1078 laude
448 1008 638 1080 cumulatus.
665 1010 783 1105 Neque
806 1006 896 1079 enim
911 1005 960 1095 ,st
976 1009 1057 1079 mul·

89 1109 200 1183 titudo
224 1112 352 1205 litium,
378 1115 412 1185 st
426 1118 568 1190 varietas
587 1116 780 1207 causatum,
805 1117 830 1188 st
853 1118 934 1190 haec
948 1118 1057 1205 turba,

90 1244 123 1292 et
145 1222 460 1303 barbatiafotensrs
478 1228 534 1299 dat
547 1228 658 1300 locum
677 1227 958 1300 velvitiosrffimis
979 1252 1057 1299 ora-

92 1331 248 1423 toribus,
271 1333 399 1432 idcirco
421 1360 483 1407 nos
502 1335 595 1423 hoc,
618 1335 711 1433 quod
732 1334 940 1432 quaerimus,
954 1337 1058 1409 omit·

92 1453 209 1512 temus.
238 1443 352 1538 ltaque
367 1442 404 1512 in
417 1442 456 1515 iis
478 1444 624 1532 artibus,
647 1443 823 1540 inquibus
848 1467 918 1514 non
935 1443 1058 1517 utilitas

89 1549 260 1640 quaeritur
269 1550 444 1622 necessaria
455 1549 531 1640 ,sed
544 1550 645 1621 animi
653 1551 756 1622 libera
768 1551 929 1647 quaedam
943 1549 1058 1624 oblec-

91 1656 196 1744 tatio,
221 1683 322 1754 quam
351 1660 549 1757 diligenter,
576 1683 731 1756 ecquam
757 1681 864 1755 prope
890 1648 1057 1732 fastidiose

92 1763 299 1839 iudicamus?
329 1769 445 1840 Nullae
468 1768 559 1841 enim
577 1768 667 1857 lites,
681 1792 789 1866 neque
810 1768 1058 1842 controvetfiae

91 1875 165 1949 sunt
178 1931 190 1964 ,
205 1905 291 1975 quae
309 1901 434 1979 cogant
447 1882 626 1972 homines,
649 1872 730 1956 licut
745 1883 784 1954 'in
810 1881 890 1954 foto
909 1908 979 1955 non
998 1884 1058 1956 bo·

91 2013 153 2060 nos
178 2007 355 2080 oratores,
373 1991 454 2062 item
480 1992 515 2085 in
542 1991 672 2071 theatro
697 1992 823 2062 adores
845 1989 950 2062 malos
976 2015 1056 2086 per-

90 2097 169 2192 peti.
206 2096 261 2168 Est
284 2097 386 2194 igitur
413 2098 541 2171 oratori
574 2098 746 2197 diligenter
781 2097 1058 2195 prouidendum,
1079 2125 1125 2179 u,

90 2231 162 2279 non
184 2208 232 2278 uti
256 2208 317 2280 illis
340 2207 532 2294 satisfaciat,
559 2210 679 2306 quibus
701 2209 828 2282 neceffe
851 2207 920 2280 est:
949 2208 1004 2280 sed
1021 2229 1059 2282 ut
1092 2237 1095 2241 ·

90 2314 128 2387 iis
155 2317 355 2391 admirabilis
381 2318 447 2393 effe
478 2319 658 2409 videatur,
686 2320 805 2415 quibus
830 2316 934 2386 libere
961 2312 1059 2386 liceat

90 2429 356 2522 iudicare..·Ac,
383 2433 408 2504 fi
433 2433 612 2530 quaeritis,
636 2431 758 2526 plane,
791 2428 873 2523 quid
893 2424 1058 2508 sentiam,
1142 2464 1146 2472 ·

42 2588 46 2597 ·
91 2543 273 2615 enuntiabo
297 2545 384 2640 apud
406 2545 561 2616 homines
582 2539 864 2622 familiariffimos,
889 2537 981 2633 quod
999 2536 1058 2608 ad-

90 2649 155 2721 huc
171 2649 300 2746 semper
309 2654 401 2725 tacui
413 2705 425 2738 ,
438 2670 472 2723 et
485 2649 661 2723 tacendum
677 2647 803 2744 putavi.
833 2644 919 2717 Mihi
936 2643 1057 2730 etiam,

90 2759 214 2854 quique
242 2758 369 2854 optime
396 2760 536 2848 dictmt,
563 2757 686 2855 quique
715 2755 750 2827 id
776 2754 930 2827 facillime
957 2771 1058 2850 atque
1103 2795 1110 2821 2

89 2869 295 2946 ornatillime
317 2869 427 2941 facere
454 2868 613 2966 poliunt,
631 2885 774 2953 tamen,
797 2864 855 2935 nist
878 2863 993 2935 timide
1014 2862 1057 2936 ad

89 2977 269 3066 dicendum
283 2977 465 3065 accedunt,
480 2976 560 3048 etin
574 2972 778 3045 exordienda
801 2972 953 3043 oratione
976 2996 1055 3066 per·
1127 3063 1129 3067 ¹

89 3077 291 3178 turbantur,
314 3114 417 3185 paene
448 3082 655 3184 impudentes
674 3086 854 3159 videntur:
874 3083 1000 3165 tametsi
1021 3084 1056 3156 id

88 3197 239 3269 accidere
267 3222 337 3269 non
358 3198 475 3294 potest.
510 3201 559 3270 Ut
582 3197 671 3273 enim
694 3194 830 3292 quisque
854 3194 981 3290 optime
1004 3194 1055 3268 di·
1077 3229 1122 3266 120

90 3306 156 3392 cit,
183 3308 229 3378 ita
246 3306 402 3387 ,maxime
434 3306 566 3384 dicendi
598 3304 847 3396 difficultatem,
877 3306 1055 3405 variosque

90 3435 231 3488 eventus
263 3415 452 3505 orationis,
492 3414 837 3513 exsped‘tationemque
877 3416 1053 3491 hominum

89 3525 303 3622 pertimescit.
330 3528 400 3620 Qui
421 3552 507 3602 vero
530 3526 612 3598 nihil
630 3525 739 3623 potest
757 3527 893 3625 dignum
907 3553 961 3617 te,
975 3526 1051 3622 dig-

89 3660 170 3705 num
197 3635 334 3711 nomine
357 3634 521 3722 oratoris,
558 3635 693 3732 dignum
721 3634 896 3706 hominum
919 3632 1052 3712 autibus
1102 3683 1105 3691 -

88 3746 220 3827 efficere
246 3764 344 3846 atque
371 3746 493 3851 edere,
515 3745 543 3819 is
563 3745 646 3819 mihi
658 3798 671 3839 ,
698 3743 837 3910 etiamsiC
850 3764 1052 3826 commoves
1135 3784 1142 3813 e

858 3862 923 3931 4·
1066 3922 1070 3931 .
