2302 4304
390 289 614 362 LIBER
662 244 731 364 1.'
810 394 814 404 ¹
971 320 1010 368 rr

51 445 203 537 dubito,
240 441 323 544 quin
362 447 430 521 hoc
473 449 636 550 plerisque
676 451 873 527 immensum
903 452 1018 527 infini-
1084 440 1087 445 ¹

52 574 195 654 tumque
231 553 409 647 videatur,
436 583 469 635 et
491 561 586 658 quod
612 563 762 637 Graecos
779 563 934 639 homines
948 589 1020 636 non

56 667 164 742 solum
199 668 336 768 ingenio
357 686 392 742 et
409 672 594 761 domina,
623 673 801 746 sedetiam
840 675 913 747 otio
953 675 1021 748 stu·

55 780 183 880 dioque
206 780 437 875 abundantes,
460 785 675 882 partitionem
702 786 869 884 quandam
900 789 1020 861 artium

56 889 172 964 fecisse
206 892 331 982 video,
354 917 462 991 neque
490 893 526 965 in
552 892 708 967 universo
740 918 861 990 genere
881 893 1023 992 singulos

56 1003 263 1092 elaborasse,
289 1002 345 1074 sed
371 1001 546 1100 seposuisse
565 1028 586 1074 a
607 1001 724 1075 ceteris
752 1000 938 1074 ditionibus
951 1027 1023 1074 eam

58 1130 190 1208 partem
212 1109 364 1202 dicendi,
379 1104 464 1208 quae
484 1110 520 1180 in
532 1107 715 1182 sotenstbus
733 1106 1025 1203 disceptationibus

59 1221 293 1308 iudiciorum,
313 1240 368 1294 aut
394 1219 672 1293 deliberationum
694 1218 904 1309 versaretur,
930 1240 965 1290 et
990 1219 1026 1293 id

60 1359 164 1412 unum
184 1359 286 1432 genus
303 1333 431 1408 oratori
458 1330 646 1430 reliquiffe;
672 1356 742 1405 non
762 1330 964 1428 complectar
989 1330 1026 1403 in

61 1443 113 1517 his
126 1444 216 1516 libris
229 1437 384 1540 amplius,
401 1469 501 1543 quarn
520 1444 613 1541 quod
628 1443 706 1519 huic
724 1443 857 1540 generi,
879 1466 915 1513 re
928 1466 1026 1540 quae·
1113 1486 1120 1515 ·

61 1555 122 1643 fita
133 1610 146 1644 ,
173 1573 207 1627 et
228 1548 368 1628 mtdtum
400 1554 585 1652 disputata,
616 1552 822 1628 summorum
849 1551 1026 1627 hominum

54 1690 171 1767 prope
208 1663 368 1737 consensu
391 1662 450 1735 est
475 1662 663 1736 tributum:
689 1682 926 1761 repetamque,
957 1688 1027 1735 non
1042 1694 1073 1750 ²3

46 1778 109 1849 -ab
127 1776 331 1853 incunabulis
353 1775 488 1878 nostrae¹
499 1775 623 1850 veteris
644 1777 841 1875 puerilisque
859 1777 1029 1850 dodrinae

22 1903 27 1911 '
62 1889 230 1988 quendam
263 1888 415 1974 ordinem
455 1909 730 1985 praeceptorum,
758 1885 812 1959 sed
843 1911 907 1974 ea,
942 1911 1028 1984 quae

63 2003 235 2102 quondam
254 2002 418 2097 accepi'in
442 2001 632 2073 nostrorum
655 2000 854 2091 hominum,
872 2001 1029 2098 eloquen-

63 2112 290 2203 tissimorum,
309 2130 342 2185 et
364 2112 465 2201 omni
481 2111 639 2210 dignitate
665 2112 881 2209 principum,
918 2112 1029 2209 dispu-

64 2227 195 2313 tatione
230 2223 294 2296 esse
315 2221 443 2297 versata
467 2251 476 2294 ε
501 2246 571 2325 non
597 2223 689 2319 quod
715 2221 769 2292 issa
791 2243 1030 2299 contemnam,
1137 2254 1143 2273 ·

63 2346 152 2434 qu'ae
166 2335 285 2407 Graeci
300 2386 311 2424 ,
334 2331 464 2411 dicendi
477 2329 617 2403 artifices
630 2335 669 2403 δι
694 2332 847 2402 doctores
862 2383 873 2419 ,
887 2329 1031 2428 relique-

10 2539 12 2543 ·
66 2464 169 2531 runt;
201 2444 275 2532 sed,
301 2444 377 2517 cum
406 2445 461 2516 illa
483 2460 640 2541 pateant,
671 2443 707 2513 in
734 2461 938 2540 promtuque
972 2440 1033 2516 smt

67 2554 245 2642 omnibus,
271 2578 378 2652 neque
401 2578 440 2626 ea
466 2552 740 2647 interpretatione
763 2576 837 2625 mea
857 2572 911 2625 aut
932 2577 1032 2625 orna-

69 2665 147 2741 tius·
161 2663 342 2760 explicari,
370 2685 428 2747 aut
453 2662 581 2760 planius
602 2661 745 2759 exprimi
771 2661 917 2760 possrnt,
940 2663 1032 2736 dabit

65 2778 155 2852 banc
185 2776 343 2868 veniam,
369 2776 416 2848 mi
427 2828 431 2843 s.
446 2775 575 2865 stater,
599 2799 636 2848 ut
662 2775 808 2872 opinor,
832 2793 871 2849 ut
893 2800 1031 2862 eorum,

66 2890 192 2990 quibus
219 2889 345 2963 summa
379 2888 511 2962 dicendi
537 2889 605 2961 laus
634 2913 651 2959 a
687 2885 806 2960 nostris
841 2886 1033 2959 hominibus

68 3000 222 3074 concessa
247 3000 316 3088 est,
343 2999 571 3073 auctoritatem
594 2997 730 3074 Graecis
749 3017 959 3093 anteponam.

121 3112 208 3183 Cum
232 3111 334 3210 igitur
359 3110 597 3185 vehementius·
610 3110 824 3182 inveheretur
849 3108 883 3179 in
906 3106 1073 3205 causam7

68 3226 259 3324 principtun
280 3225 410 3299 constd
431 3225 615 3321 Philippus,
630 3222 808 3320 ‘Drusique
827 3219 1034 3310 tribunatus,
1051 3247 1084 3299 24

68 3358 137 3432 pro
181 3333 306 3407 senatus
336 3333 528 3408 austoritate
568 3330 755 3427 susceptus,
795 3328 933 3429 infringi
967 3333 1033 3404 iam

70 3439 307 3539 debilitarique
321 3441 511 3524 'videretut3
531 3436 596 3510 dici
610 3437 692 3508 mihi
710 3434 867 3525 memini,
880 3435 1035 3508 ludorum

72 3553 306 3643 Romanorum
338 3546 452 3624 diebus
487 3553 524 3620 L.
546 3546 722 3636 Crassum,
749 3543 837 3644 quasr
861 3545 1036 3642 colligendi

72 3658 122 3734 sui
155 3663 274 3752 causa,
300 3663 343 3737 se·
358 3664 393 3736 in
429 3662 646 3736 Tusculanum
670 3660 873 3734 contulisse:
905 3659 1032 3732 venisse

72 3774 195 3868 eodem
223 3777 373 3867 socerum
398 3773 494 3867 eius,
528 3770 586 3881 qui
611 3770 705 3859 fiisse
731 3770 876 3870 Quintus,
903 3766 1036 3850 Munus
