2302 4304
166 274 288 340 114·
423 251 511 325 DE
556 251 923 336 ORATORE

161 435 329 510 nimquam
352 411 459 486 castra.
480 414 631 508 vidisset,
657 443 825 518 nunquam
852 423 993 527 denique
1011 427 1115 509 mini·

160 545 249 609 mam
271 543 399 617 partem
416 523 509 596 ullius
527 525 648 621 publici
666 529 808 602 muneris
825 532 1001 628 attigisset,
1019 560 1115 630 prae-

49 718 53 729 *
159 650 253 723 cepta
276 630 317 701 de
339 654 375 702 te
399 631 530 704 militari
553 633 660 705 darei
696 637 772 709 Hoc
799 639 881 710 mihi
902 639 1011 713 facere
1038 669 1115 715 om-

158 764 216 809 nes
239 737 311 839 isti,
329 737 386 836 qui
410 740 450 810 de
473 762 541 811 arte
564 740 695 813 dicendi
707 745 932 840 praecipiunt,
945 747 1114 822 videntur.

156 851 249 946 quod
273 850 361 923 enim
389 850 449 946 ipfi
475 853 603 947 experti
630 877 699 923 non
722 853 818 944 sunt,
844 856 877 928 id
904 859 1029 938 docent
1054 885 1111 932 ce-

155 968 255 1031 teros.
299 959 362 1037 Sed
388 959 454 1034 hoc
481 962 588 1033 minus
611 959 745 1034 fortasse
774 984 901 1053 errant,
928 968 1020 1064 quod
1041 994 1124 1042 non*

155 1092 209 1162 te,
230 1092 269 1147 nt
294 1074 346 1145 ille
368 1074 611 1165 Hannibalem,
640 1074 695 1148 sed
726 1102 864 1174 pueros,
894 1099 949 1152 aut
983 1080 1111 1152 adoles·

154 1183 304 1255 centusos
329 1181 450 1253 docere
477 1199 650 1252 conantur.
873 1258 879 1269 ι

93 1323 135 1397 19
203 1293 325 1379 Erras,
350 1287 488 1378 Catule,
511 1287 618 1385 inquit
640 1288 813 1389 Antonius.
829 1317 905 1365 nam
927 1317 1062 1393 egomet
1074 1299 1108 1372 in

102 1437 135 1486 77
154 1405 274 1477 multos
295 1405 358 1475 iam
376 1402 595 1496 Phormiones
613 1402 724 1475 incidi.
754 1404 838 1497 Quis
855 1404 944 1476 enim
967 1406 1014 1478 est
1026 1407 1107 1480 isto-

151 1541 226 1586 rum
248 1517 480 1600 Graemrum,
505 1510 561 1608 qui
596 1534 795 1608 quemquam
827 1511 975 1586 nostrum
1010 1519 1107 1615 quid·

151 1648 251 1723 quam
270 1622 448 1719 intelligere
469 1619 672 1692 arbitretur?
709 1624 759 1695 Ac
784 1623 867 1695 mihi
886 1625 1020 1721 quidem
1036 1654 1107 1702 non

148 1736 195 1810 ita
212 1734 338 1813 molesti
362 1735 435 1808 sunt
450 1760 461 1820 ;
479 1732 574 1807 facile
596 1757 712 1806 omnes
727 1735 897 1832 perpetior
911 1755 944 1809 et
959 1739 1107 1834 perfero,

149 1876 226 1921 nam
247 1869 302 1922 aut
323 1849 445 1946 aliquid
470 1847 634 1938 afferunt,
662 1849 754 1946 quod
781 1849 864 1921 mihi
892 1877 961 1922 non
994 1853 1106 1952 displi-

81 1971 84 1986 '
149 1983 222 2034 ceat
237 1985 246 2029 τ
260 1979 316 2031 aut
331 1959 495 2046 efficiunt,
516 1980 553 2030 ut
568 1983 623 2028 me
643 1983 713 2029 non
733 1957 878 2031 didicisse
896 1961 1004 2034 minus
1022 1991 1106 2060 poe-

148 2069 262 2152 niteat
287 2066 419 2167 dimitto
444 2058 560 2138 autem
579 2091 637 2138 eos
655 2092 725 2138 non
749 2087 816 2141 tam
841 2067 1105 2166 contumeliose,

148 2206 248 2277 quiam
272 2169 507 2277 philosophum
528 2177 619 2249 illum
643 2181 830 2269 Hannibal,
853 2204 887 2256 et
906 2208 947 2255 eo
966 2183 1105 2263 fortasse

87 2302 88 2306 ’
147 2288 220 2385 plus
249 2286 357 2359 habeo
381 2285 479 2357 etiam
501 2285 629 2382 'negotii
654 2311 664 2355 :
694 2286 749 2359 sed
771 2307 882 2362 tamen
901 2291 949 2371 ess
983 2320 1102 2372 eorum

147 2397 320 2484 dodrina,
340 2410 498 2492 quantum
524 2417 587 2489 ego
607 2391 750 2467 iudicare
771 2395 926 2492 possum,
955 2393 1110 2496 perridi.'

96 2520 128 2584 78
146 2505 227 2577 cula.
251 2502 420 2576 Dividunt
439 2501 528 2571 enim
546 2517 651 2571 totam
666 2526 737 2573 rem
761 2501 795 2572 in
821 2503 899 2576 duas
917 2526 1049 2600 panea,
1066 2508 1104 2583 in

145 2614 258 2685 causae
291 2611 575 2701 controversiam,
596 2630 629 2684 et
652 2609 686 2683 in
713 2609 917 2710 quaestionis.
963 2619 1100 2719 caustum

145 2723 333 2818 appellant,
354 2745 423 2792 rem
449 2720 589 2816 positam
611 2722 646 2792 in
669 2720 903 2818 disceptatione
928 2750 1041 2825 rerum
1067 2753 1099 2804 et

144 2832 398 2908 controversia:
428 2835 629 2933 quaestionem
651 2850 783 2923 autem,
808 2860 879 2907 rem
903 2836 1044 2932 positam
1063 2839 1098 2912 in

143 2944 271 3018 infinita
299 2943 513 3014 dubitatione.
548 2940 603 3013 De
618 2942 709 3014 causa
731 2963 905 3041 praecepta
932 2946 1011 3018 dant
1028 2974 1037 3018 τ
1057 2947 1100 3020 de

93 3085 124 3135 79
142 3056 242 3127 astera
263 3071 356 3151 parte
374 3049 503 3138 dicendi
522 3051 643 3122 mirum
670 3050 829 3129 siserm'um
848 3052 903 3126 est.
937 3053 1104 3154 Denique

142 3169 285 3267 quinque
309 3165 433 3239 faciunt
455 3162 542 3262 quast
565 3163 713 3257 membra
739 3164 964 3262 eloquentiae,
999 3165 1097 3242 inve-

140 3279 210 3350 nire
242 3279 321 3375 quid
375 3277 493 3362 dicas,
544 3271 680 3347 inventa
719 3273 924 3371 disponere,
975 3275 1098 3351 deinde

139 3412 258 3462 ornare
287 3388 417 3475 verbis,
442 3382 516 3482 post
543 3381 721 3457 memoriae
742 3384 920 3472 mandare,
947 3403 1019 3457 tum
1053 3388 1096 3459 ad

138 3519 322 3574 extremum
353 3521 446 3593 agere
463 3521 500 3568 ac
515 3494 753 3589 pronuntiare:
773 3519 842 3565 rem
858 3493 931 3565 sane
952 3519 1022 3570 uon
1039 3522 1093 3568 re-

137 3605 315 3680 conditam.
358 3603 441 3693 Quis
463 3602 551 3672 enim
572 3602 638 3673 hoc
659 3619 729 3674 non
747 3601 800 3673 sua
821 3602 936 3697 sponte
949 3603 1095 3696 viderit,

127 3702 301 3790 neminem
335 3711 430 3809 posse
459 3711 599 3798 diceret
619 3711 678 3784 nisi
706 3735 738 3786 et
765 3713 845 3810 quid
877 3712 1025 3810 diceret,
1059 3736 1092 3794 et
