2302 4304
263 80 291 145 κ.

19 290 25 303 “
136 277 213 377 3ὥ
342 296 350 381 2
463 278 770 353 BRUTua

137 439 282 530 fecisset,
295 439 435 512 honoris
444 465 562 536 cortun
575 440 686 528 causa,
700 439 861 530 studiose,
874 448 1080 538 accurateque
1115 494 1117 501 -

136 552 246 644 secisse
256 578 267 637 ;
294 549 348 622 sed
363 550 394 622 se
413 551 581 647 arbitrari,
608 550 735 623 causam
753 548 839 621 illam
857 551 960 624 aSer.
972 553 1081 641 Galba,
1102 570 1107 578 '

135 662 228 758 quod
248 659 322 732 isin
343 658 636 756 dicendo'gravior
649 659 823 754 acriorque
837 657 936 747 effer,
962 660 1080 757 gravius

119 791 168 857 ,et
193 771 421 843 vehementius
445 770 537 866 poffe
560 769 702 840 defendi.
758 770 871 864 Itaque
897 770 1079 843 auctoritate
1115 770 1117 785 '

134 891 174 960 C.
206 886 306 959 laelii
327 884 519 981 publicanos
545 885 672 967 causam
704 881 850 954 detulisl'e
870 884 913 954 ad
940 882 1078 958 Galbam

84 1004 115 1069 87
133 1000 225 1071 Illum
244 1015 372 1082 autem,
398 998 490 1094 quod
507 997 538 1068 ei
556 997 632 1069 v'iro
650 993 890 1067 succedendum
916 994 1013 1085 essct,
1029 1021 1078 1068 ve·

130 1112 275 1189 recunde
295 1127 328 1181 et
350 1108 536 1211 dubitanter
553 1104 717 1201 recepisse.
734 1130 859 1192 unum,
885 1102 976 1202 quasi
995 1131 1079 1178 com·

132 1219 384 1315 perendinatur,
407 1216 554 1287 medium
584 1216 673 1288 diem
704 1210 820 1309 sitisse,
854 1238 956 1310 quem
982 1234 1081 1287 totum

134 1330 273 1402 Galbam
310 1329 345 1399 in
369 1325 602 1428 consideranda
637 1326 755 1416 causa,
791 1328 1079 1424 componendaque

132 1438 283 1535 posuisse.
313 1459 368 1526 et,
404 1463 479 1508 cum
512 1437 713 1534 cognitionis
738 1437 805 1509 dies
831 1437 934 1525 esset,
967 1435 1079 1534 etipse
1114 1488 1117 1497 .

79 1562 83 1569 '
132 1545 271 1618 Rutilius
294 1565 412 1643 rogatu
432 1543 598 1616 sociorum
621 1545 759 1616 domum
778 1543 819 1615 ad
837 1544 983 1617 Galbam
996 1569 1079 1617 mane

132 1651 291 1746 venisset,
324 1676 361 1727 ut
384 1679 458 1724 eum
484 1653 677 1724 admoneret
687 1707 700 1740 ,
724 1653 821 1725 etad
847 1652 982 1727 dicendi
1002 1664 1078 1729 tem*

132 1791 193 1864 pus
223 1767 418 1852 adducerem
443 1765 543 1864 usque
565 1763 682 1852 illum,
706 1764 817 1861 quoad
844 1763 875 1833 ei
890 1764 1079 1836 'nuntiatum

131 1876 230 1961 eslet,
256 1877 403 1951 consules
418 1876 637 1966 descendisse,
650 1875 803 1947 omnibus
821 1874 981 1965 exclusis,
998 1898 1078 1948 com·

132 2005 313 2059 mentatum
331 1986 367 2057 in
389 1987 529 2085 quadam
552 1985 709 2057 testudine
732 2011 806 2056 cum
829 1984 933 2059 servis
955 1984 1078 2058 literatis

131 2092 401 2192 suisle3quorum
422 2093 491 2166 aliis
517 2094 605 2165 aliud
636 2095 758 2166 'dillare
785 2094 906 2168 eodem
936 2116 1078 2194 tempore

131 2205 242 2278 solitus
267 2206 356 2280 eslet.
377 2206 508 2301 interim
535 2231 610 2278 cum
637 2207 715 2279 esset
737 2205 767 2278 ei
793 2207 980 2280 nuntiatum
1000 2227 1078 2280 tem·

130 2345 191 2415 pus
207 2319 289 2410 esse,
313 2320 413 2393 exisse
439 2321 474 2392 in
500 2318 595 2392 aedes
613 2345 655 2394 eo
680 2320 815 2411 colore,
840 2339 873 2393 et
897 2322 936 2394 iis
958 2323 1078 2411 oculis,

80 2455 111 2506 ss
131 2453 167 2502 ut
189 2426 290 2529 'egisle
312 2432 459 2521 causam,
483 2454 552 2503 non
575 2449 830 2503 commentatum
849 2449 987 2528 putares.
1024 2434 1088 2506 Ad.

88 2624 94 2637 .
129 2539 227 2610 debat
256 2540 383 2628 etiam,
419 2540 518 2636 idque
549 2539 590 2610 ad
620 2564 691 2610 rem
705 2574 711 2584 c
724 2541 889 2635 pertinere
927 2540 1079 2638 putabat,

129 2645 304 2748 scriptores
339 2649 412 2720 illos
443 2650 527 2721 male
557 2649 718 2737 mulcatos
744 2650 842 2722 exisse
870 2678 948 2725 cum
972 2655 1078 2727 Galba

99 2753 101 2759 ’
128 2777 170 2824 ex
189 2778 258 2848 quo
285 2753 504 2850 fignificabat,
533 2756 626 2828 illum
648 2782 719 2828 non
743 2758 779 2828 in
805 2759 936 2855 agendo
956 2759 1077 2847 solum,

128 2861 299 2933 sedetiam
320 2862 566 2935 in'meditando
597 2866 827 2968 vehementem
849 2885 947 2966 atque
970 2870 1078 2943 incen-

28 2996 32 3002 ’
128 2971 198 3044 sum
229 2970 335 3046 fuisle.
385 2974 478 3066 Quid
500 2973 634 3046 multa?
665 3002 796 3073 ¹magna
823 2977 1104 3072 exspedlatione,¹

126 3084 276 3179 plurimis
304 3084 531 3176 audientibus,
556 3112 670 3160 coram
695 3089 766 3186 ipso
792 3087 905 3160 Laelio
927 3089 972 3162 src
996 3091 1077 3161 illam

128 3194 276 3287 causam,
301 3214 389 3269 tanta
415 3197 474 3285 vi,
507 3202 661 3296 tantaque
682 3199 842 3296 gravitate
866 3197 986 3272 dixisse
997 3198 1077 3289 ,Gal-

126 3304 222 3393 bam,
247 3308 388 3380 utnulla
408 3307 475 3379 sere
501 3335 575 3406 pars
593 3308 754 3380 orationis
777 3306 905 3379 silentio
925 3308 1076 3404 praeteti-

125 3431 225 3483 retur.
274 3416 386 3512 Itaque
418 3416 530 3488 multis
560 3415 722 3515 querelis,
760 3404 928 3511 multaque
952 3414 1077 3485 misera·

125 3522 218 3595 tione
248 3523 407 3620 adhibita,
450 3524 580 3614 socios,
619 3525 773 3598 omnibus
798 3524 1075 3620 approbantibus,

61 3659 102 3728 23
125 3630 180 3702 illa
198 3632 267 3721 die,
293 3629 481 3730 quaestione
495 3634 648 3707 liberatos
671 3633 743 3705 esse.
794 3637 844 3705 Ex
866 3633 929 3706 hac
944 3635 1078 3706 Rutilia·

76 3756 107 3822 29
126 3767 169 3813 m
198 3745 385 3819 narratione
405 3742 563 3841 suspicari
595 3746 696 3840 licet,
724 3771 802 3823 cum
830 3745 913 3820 duae
937 3745 1080 3829 stunmass

11 3916 27 4079 l
