2302 4304
72 185 215 332 ·1m'
372 239 969 351 oronnaoaag‚

76 411 119 462 261
139 415 194 471 aut
212 424 254 472 ex
275 397 445 474 immutata
465 402 620 495 oratione
647 404 836 496 ducuntur,
864 420 933 478 aut·
945 420 990 478 ert
1002 403 1093 478 unius

139 511 235 584 verbi
259 512 500 604 translatione,
531 532 587 586 aut
611 538 653 586 ex
684 513 870 588 inversrone
902 516 1093 589 verborum
1123 574 1135 587 .

138 623 189 692 Ex
206 621 461 711 immutatione,
493 645 529 694 ut
555 621 637 694 olim
661 620 769 694 Rusca
788 621 985 719 cumlegem
999 621 1094 695 ferret
1139 708 1141 713 Ι

138 729 312 829 annalem,
337 729 494 802 dissuasor
509 733 559 803 M.
577 731 752 820 Servilius,
777 734 846 803 Dic
859 735 964 822 milti,
980 731 1096 830 inquit,
1134 752 1141 835 j

138 844 189 914 M.
216 845 349 932 Pinari,
375 869 472 931 num,
485 842 523 941 fi
536 867 643 914 contra
656 867 684 914 te
697 847 829 932 dixero,
853 845 931 913 milri
948 836 1030 913 male
1038 848 1095 916 dic·

77 964 80 969 “
139 974 227 1022 turus
244 979 298 1041 ts,
333 973 368 1021 ut
389 954 491 1020 cereris
502 951 638 1054 fecisti?
660 956 709 1023 Ut
716 952 884 1045 sementem
897 952 1037 1043 feraris,
1053 957 1099 1025 ita

73 1077 123 1127 «ει
139 1056 254 1149 met'es,
279 1057 395 1155 inquit.
455 1054 507 1128 Ex
534 1057 744 1131 translatione
770 1077 905 1150 autem,
929 1078 992 1148 ut,
1023 1085 1096 1133 cum

138 1175 252 1272 Scipio
276 1171 329 1246 ille
349 1172 457 1246 maior
483 1171 666 1248 Corinthiis
691 1173 829 1265 statuam
868 1174 1097 1274 pollicentibus

138 1314 181 1364 eo
199 1289 303 1377 loco,
327 1286 384 1360 ubi
402 1287 541 1359 aliorum
562 1286 663 1359 effent
674 1282 927 1384 imperatorum,
952 1292 1097 1367 turmales

138 1398 222 1473 dixit
237 1399 399 1491 displicere.
424 1398 636 1468 Invertuntur
651 1387 760 1468 aurem
773 1396 899 1483 verba,
924 1413 986 1483 ut,
1002 1395 1107 1485 Cras·-
1135 1440 1138 1445 ·

138 1507 190 1582 sus
203 1507 290 1604 apud
310 1510 359 1579 M.
379 1507 576 1604 Perpernam
599 1505 742 1579 iudicem
761 1532 825 1604 pro
838 1508 1009 1597 Aculeone
1023 1534 1098 1583 cum

137 1615 294 1708 diceret,
340 1618 450 1691 aderat
477 1637 594 1691 contra
616 1618 820 1690 Aculeonem
844 1619 1045 1693 Gratidiano
1062 1621 1113 1691 1..

137 1729 248 1802 Aelius
262 1730 399 1822 Lamia,
422 1729 602 1817 deformis,
624 1749 660 1804 ut
682 1729 798 1805 nostis:
826 1730 983 1831 quicum
996 1732 1099 1806 inter·

136 1839 272 1937 pellaret
287 1841 424 1937 odiose:
449 1840 658 1934 Audiamat,
681 1844 811 1942 inquit,
834 1850 1001 1940 padellam
1017 1877 1098 1942 pue·

137 1980 238 2037 ram„
250 1951 392 2035 Craffiis.
441 1953 529 2025 Cum
554 1953 633 2024 esset
651 1953 813 2044 arrisum,
837 1957 1016 2050 Nonpotui
1034 1961 1098 2029 mi·

136 2066 171 2153 iri
183 2116 194 2150 ‚
219 2062 325 2161 inquit
352 2062 489 2154 Lamia,
515 2065 657 2156 formam
682 2066 744 2158 ipse
765 2066 881 2161 fingere
894 2094 908 2135 r
936 2071 1099 2164 ingenium
1131 2095 1136 2106 ·

53 2215 57 2222 ·
131 2176 233 2268 potui.
282 2173 372 2245 Tum
399 2173 488 2263 hic,
523 2178 744 2262 Audiamus,
770 2171 904 2270 inquit,
940 2176 1098 2269 disertum.

137 2280 244 2355 multo
268 2268 368 2355 etiam
386 2281 522 2355 arrisum
546 2281 592 2353 est
616 2281 854 2373 vehementius.
891 2283 973 2355 Sunt
997 2284 1098 2357 etiam

136 2394 192 2465 illa
204 2392 356 2486 venusia,
381 2418 417 2468 ut
429 2394 465 2467 in
478 2394 633 2494 gravibus
645 2393 827 2482 sententiiS,
851 2391 894 2464 stc
908 2393 944 2462 in
956 2390 1106 2497 facetiis.

137 2502 223 2575 Dixi
241 2505 329 2576 enim
352 2505 502 2596 dudum,
520 2506 698 2578 *materiam
714 2503 815 2595 aliam
834 2501 899 2574 effe
916 2502 1010 2592 ioci,
1028 2501 1091 2574 aii·

71 2673 73 2679 .
137 2638 190 2684 am
209 2611 411 2685 severitatis:
437 2616 588 2712 gravium
604 2633 738 2701 autem,
773 2635 807 2686 et
827 2613 983 2695 iocorum
996 2639 1095 2687 unam

74 2739 119 2804 263
138 2722 202 2794 effe
224 2723 397 2795 rationem.
457 2727 616 2816 Ornant
607 2729 706 2824 igitur
725 2724 884 2822 inprimis
908 2722 1103 2797 orationem·
1130 2716 1133 2721 ⁴

137 2834 240 2908 verba
264 2834 365 2905 relata
391 2838 579 2909 contrarie.
608 2837 700 2933 quod
727 2836 814 2909 idem
833 2861 935 2934 genus
944 2834 1039 2932 saepe
1050 2834 1095 2908 est

137 2947 236 3018 etiam
251 2943 422 3035 facetum;
448 2966 500 3041 ut,
525 2949 656 3022 Servius
679 2949 731 3021 ille
749 2950 856 3022 Galba
866 2973 948 3022 eum
972 2946 1095 3021 iudices

137 3059 174 3130 L.
190 3058 365 3131 Scribonio
389 3003 524 3137 tributio
547 3060 648 3156 plebis
672 3059 772 3133 ferret
793 3061 967 3132 familiares
997 3060 1096 3149 suos,

20 3240 31 3262 ,
136 3187 170 3241 et
179 3168 307 3242 dixisset
322 3171 430 3259 Libo,
445 3176 585 3268 Quaado
600 3176 744 3260 tandem,
775 3173 892 3259 Galba,
905 3174 953 3240 da·
959 3174 1095 3240 triclinio

136 3302 192 3350 rao
207 3285 338 3366 exibis?
367 3287 446 3354 Cum
467 3308 526 3375 ta,
556 3280 681 3378 inquit,
706 3285 745 3350 da
763 3283 902 3351 cubiculo
923 3281 1036 3363 alieno.
1065 3281 1095 3349 A

137 3410 206 3484 quo
221 3411 339 3482 genere
356 3415 397 3460 ne
412 3388 639 3486 illud'quidem
659 3388 841 3483 'plurimum
866 3383 977 3474 distat,
1003 3383 1097 3483 qnod

138 3493 274 3566 Glaucia
293 3499 453 3590 Metello,
489 3504 608 3570 Villam
630 3501 665 3567 in
695 3500 819 3568 Tiburte
839 3500 958 3586 habas,
985 3521 1096 3570 cortem

138 3606 174 3672 ia
194 3604 334 3676 Palatia.

45 3720 121 3808 66
186 3711 236 3782 Ac
259 3714 440 3789 verborum
458 3712 597 3827 quidem
614 3737 737 3821 genera
748 3678 830 3817 quae
854 3710 958 3815 essent
972 3708 1095 3801 faceta,

68 3994 83 4055 i·
