2302 4304
386 280 695 399 unurus
874 388 876 395 ,
945 348 1013 427 μγ

49 487 269 577 voluntates,
295 486 450 558 deleslari
476 486 559 558 mihi
580 487 685 585 magis
711 487 903 585 antiquitate
922 491 1019 563 vide-

50 617 129 691 tur,
143 618 179 675 et
197 601 349 673 lubenter
367 600 477 676 verbis
501 601 601 672 etiam
612 601 661 672 uti
669 601 773 703 paulo
790 601 894 699 magis
907 602 1021 698 priscis
1126 590 1129 597 ’

53 708 200 785 Laelius.
249 712 312 782 Sed
332 711 378 785 ess
391 737 465 783 mos
485 711 682 801 hominum,
706 727 743 782 ιιι
764 711 870 781 nolint
882 712 1022 784 ermdem
1039 730 1070 792 84
1141 710 1144 717 ’

55 823 212 918 pluribus
230 821 326 892 rebus
346 822 518 893 excellere.
568 824 656 898 Nam
677 839 714 893 ut
735 846 777 892 ex
798 819 914 904 bellica
930 820 1037 894 laude·
1131 888 1136 897 .

56 932 226 1027 adspirare
248 932 290 1003 ad
317 931 511 1013 Africanum
535 958 636 1007 nemo
659 931 785 1028 potest,
818 933 853 1003 in
874 958 939 1029 qua
958 932 1026 1029 ipsa

51 1041 243 1164 egregium
256 1038 420 1111 Viriatico
433 1040 520 1111 bello
552 1041 732 1136 reperimus
745 1039 839 1111 suisse
860 1039 1024 1111 Laelium:

57 1148 267 1246 s1c1ngenii,
278 1149 481 1247 literarum,
508 1150 737 1247 eloquentiae,
765 1133 939 1246 saptentiae
964 1151 1027 1222 de-

58 1263 185 1365 nique,
210 1257 267 1329 etsr
285 1258 416 1356 utrique
437 1258 585 1367 primas,
606 1259 734 1354 priores
758 1276 871 1329 tamen
886 1257 1028 1328 libenter
1136 1252 1143 1263 ’

60 1368 218 1441 deserunt
235 1366 357 1441 Laelio.
407 1371 479 1441 Nec
503 1353 661 1440 mihit
609 1382 661 1440 cet
663 1393 797 1440 erorum
819 1366 945 1440 iudicio
969 1367 1026 1439 so-

60 1485 132 1556 lum
164 1482 319 1573 videtur,
342 1481 398 1556 sed
423 1485 523 1557 etiam
549 1455 728 1580 ipsorum
720 1500 804 1554 mter
826 1481 915 1579 ipsos
940 1506 1027 1554 con·
1059 1510 1065 1544 ι

60 1595 155 1668 cessu
178 1594 232 1666 ita
252 1596 410 1668 tributum
433 1595 536 1667 suisse.
583 1597 661 1666 Erat
678 1593 817 1664 omnino
841 1614 913 1664 tum
934 1617 1027 1682 m03,
1043 1603 1073 1667 ὃς

61 1728 100 1777 ιιι
120 1705 157 1775 in
175 1705 310 1809 reliquis
330 1705 427 1778 rebus
448 1706 584 1795 melior,
609 1703 686 1777 sic
677 1730 712 1774 tn
734 1703 799 1774 hoc
818 1683 889 1800 ipso
913 1702 1027 1779 huma-

61 1815 164 1903 nior,
191 1836 228 1884 ut
261 1810 371 1886 faciles
391 1813 518 1885 essent
509 1840 546 1885 m
571 1812 664 1911 suum
691 1810 811 1906 cuique
836 1808 1028 1881 tribuendo.

62 1920 236 1993 Memoria
262 1928 384 2010 ten'eo,
408 1923 567 2020 Smyrnae
589 1945 642 1991 me
661 1945 703 1991 ex
722 1921 757 1992 P
785 1920 910 1993 Rutilio
937 1918 1029 1993 Ruso
1047 1936 1091 1985 22

63 2022 213 2120 audisse,
248 2058 326 2104 cum
353 1974 496 2121 diceret,
526 2033 771 2106 adolescentulo
799 2034 830 2105 se
857 2033 1030 2122 accidisse,
1081 2076 1083 2080 »

63 2167 103 2217 ιιι
126 2171 171 2216 ex
192 2140 477 2216 Senatusconsulto
506 2148 540 2216 P.
555 2144 670 2239 Scipio
693 2162 725 2214 et
753 2144 798 2214 D.
824 2145 942 2215 Brutus
966 2143 1029 2240 (ut

67 2253 226 2352 opinor)
252 2253 400 2325 consules
422 2253 461 2324 de
486 2278 522 2323 re
540 2253 650 2322 atroci
681 2275 864 2346 magnaque
891 2277 1032 2347 quaere-
1112 2285 1119 2311 ι

68 2386 156 2434 rent.
181 2388 186 2398 ’
208 2365 296 2434 Nam
316 2389 391 2434 cum
409 2363 445 2432 in
463 2360 542 2432 silva
559 2359 622 2428 Sila
637 2356 720 2427 sassa
740 2359 853 2429 caedes
868 2358 963 2445 esset,
977 2384 1033 2448 no

70 2477 165 2575 tique
184 2475 335 2549 homines
357 2460 873 2573 intersedi,infimulareturque
896 2471 1034 2564 familia,

71 2591 194 2687 partim
217 2590 315 2661 eriam
330 2590 450 2679 liberi,
484 2580 649 2657 societatis
667 2583 762 2673 eius,
792 2610 875 2682 quae
894 2586 1035 2682 picarias¹
1075 2622 1080 2629 ·
1104 2594 1106 2598 ’

73 2702 115 2773 de
136 2703 173 2771 Ρ.
187 2701 369 2791 Cornelio,
394 2703 430 2771 L.
445 2696 612 2770 Mummio
633 2695 820 2769 censoribus
839 2699 1049 2789 redemisset,

75 2808 257 2881 decrevisse
277 2808 445 2896 senatum,
481 2828 519 2879 ut
541 2808 582 2878 de
612 2830 650 2876 ea
672 2831 708 2876 re
735 2807 975 2904 cognoscerent
1002 2807 1036 2882 et

77 2919 255 2992 statuerent
278 2918 435 2992 consules.
485 2918 626 2991 Causam
650 2943 712 3014 pro
735 2919 923 3015 publicanis
936 2947 1036 2993 accu-
1053 2933 1084 2980 86

76 3021 168 3117 rate,
193 3047 229 3100 ut
251 3027 379 3124 semper
400 3028 512 3100 solitus
538 3022 639 3115 esset,
664 3029 892 3125 eleganterque
925 3028 1038 3098 dixisse

78 3138 238 3210 Laelium.
287 3140 375 3210 Cum
408 3132 570 3228 consules,
595 3165 631 3210 re
657 3141 789 3230 audita,
828 3146 965 3234 amplius
997 3143 1039 3215 de

79 3248 207 3321 confilii
226 3247 386 3321 sententia
404 3236 720 3346 prdnuntiavissent3
753 3252 866 3345 paucis
893 3253 1037 3352 interpo-

80 3359 147 3431 sitis
165 3360 300 3432 diebus
293 3382 410 3432 iterum
425 3361 569 3433 Laelium
583 3362 688 3433 mulso
704 3359 895 3463 diligentius
908 3367 970 3437 mel
976 3366 1036 3438 tus

82 3500 148 3572 que
171 3475 344 3564 dixisse,
336 3490 519 3577 iterumque
549 3477 669 3549 eodem
691 3476 796 3546 modo
814 3502 833 3547 a
854 3478 1040 3549 consulibus

82 3607 157 3653 rem
170 3579 234 3654 esse
254 3585 450 3681 prolatam
472 3589 562 3658 Tum
581 3585 744 3670 Laelium,
773 3612 937 3659 cumeum
960 3582 1080 3661 socii

84 3693 226 3764 domum
257 3696 484 3785 reduxissent,
523 3696 722 3794 egissentque
750 3699 890 3792 gratias,
919 3717 974 3785 et,
999 3725 1041 3773 ne

83 3801 334 3902 defatigaretur,
348 3805 545 3893 oravissent,
559 3804 707 3879 locutum
720 3805 785 3880 esse
804 3806 869 3882 it'a:
884 3807 938 3900 se,
956 3835 1041 3909 quae
