2304 4304
399 320 700 401 tinent.
985 350 1027 428 35

52 479 221 556 ¹luberent
232 539 244 574 ‚
256 482 280 554 fi
294 484 365 582 quis
379 486 459 583 quid
482 476 672 584 quaereret?
700 488 805 580 Quod
822 487 966 585 primum
985 487 1032 560 fe·
1051 512 1096 566 ¹³3

71 617 144 667 runt
170 597 370 667 Leontinum
393 595 506 668 fecisse
529 597 714 696 Gorgiam:
734 599 791 694 qui
814 624 1031 696 permagnum

46 705 228 799 quiddam
255 703 414 800 suscipere
437 731 475 778 ac
502 703 654 800 profiteri
681 707 877 795 videbatur,
901 733 975 779 cum
1000 708 1032 780 se

74 822 110 891 ad
137 820 277 910 omnia,
302 819 485 917 dequibus
511 818 648 916 quisque
676 814 789 890 audire
816 819 939 909 vellet,
967 822 1032 893 esse

34 927 35 930 ’
72 947 220 1019 parautm
244 924 458 996 denuntiaret.
493 923 607 995 Postea
622 947 706 996 vero
720 923 826 1018 vulgo
842 922 910 995 hoc
922 922 1031 997 facere

52 1053 274 1126 coeperunt,
296 1029 463 1124 hodieque
490 1026 639 1117 faciunt,
657 1049 694 1098 ut
720 1025 858 1126 nullasu
877 1051 947 1131 res,
971 1053 1033 1099 ne·

71 1160 132 1234 que
154 1155 272 1226 tanta,
297 1160 405 1233 neque
433 1154 501 1207 tam
525 1132 727 1229 improvisa,
753 1159 861 1230 neque
878 1148 946 1205 t'am
967 1159 1033 1208 no·

69 1272 131 1337 va,
167 1248 209 1318 de
238 1272 303 1344 qua
326 1246 358 1316 se
385 1270 456 1316 non
487 1245 626 1330 omnia,
658 1267 743 1339 quae
774 1244 841 1316 dici
873 1244 1032 1340 possunt,

69 1353 287 1450 profiteantur
308 1353 372 1425 esse
395 1353 550 1431 diduros.
581 1349 686 1443 Quod
709 1348 733 1419 fi
755 1370 810 1438 te,
834 1348 963 1440 Cotta,
983 1376 1031 1423 ara
1051 1376 1096 1426 ω4

22 1487 25 1494 ·
68 1465 209 1538 bitrarer
222 1519 234 1552 ,
249 1459 312 1537 ¹aut
333 1482 388 1554 te,
410 1464 557 1561 Sulpici,
582 1462 622 1533 de
642 1461 682 1532 iis
704 1461 800 1532 rebus
822 1458 934 1534 audire
955 1465 1030 1536 vel·

64 1574 120 1665 le,
145 1575 356 1655 ‚adduxissem
383 1576 451 1646 huc
478 1576 645 1645 Graecum
681 1570 848 1668 aliquem,
874 1572 932 1668 qui
965 1599 1031 1647 vos

14 1756 21 1770 ,
63 1683 251 1759 ‚istiusmodi
264 1683 538 1780 disputationibus
552 1681 749 1752 deledaret:
771 1679 864 1775 quod
882 1706 923 1750 ne
942 1708 1030 1756 nunc

67 1786 203 1888 quidem
225 1792 356 1864 difficile
377 1790 466 1863 fauu
488 1787 544 1862 est.
570 1788 629 1866 Est
647 1789 736 1858 enim
758 1783 846 1884 apud
867 1792 915 1860 M.
937 1788 1030 1862 Piso-

64 1925 169 1989 nem,
193 1900 431 1973 adolescentem
457 1900 523 1971 iam
545 1899 622 1972 huic
635 1897 742 1971 studio
764 1897 925 1988 deditum,
940 1899 1030 1971 surn-

64 2035 125 2082 mo
148 2011 320 2082 hominem
333 2010 488 2108 ingeni0‚
508 2009 674 2109 nostrique
688 2010 955 2107 cupidissimum,
967 2035 1030 2108 pe-

65 2121 255 2217 ripateticus
268 2121 410 2217 Staseas,
429 2123 535 2194 homo
557 2122 655 2195 nobis
678 2121 754 2193 sane
772 2120 963 2210 familiaris,
978 2143 1027 2206 et,

66 2224 103 2304 ut
132 2233 216 2307 inter
246 2234 398 2307 homines
424 2235 548 2331 peritos
579 2232 729 2306 constare
751 2231 880 2329 video,
906 2233 941 2301 in
968 2230 1026 2302 illo

61 2339 127 2412 suo
154 2366 273 2439 genere
289 2343 452 2414 omnium
475 2343 645 2438 princeps
670 2343 783 2431 Quem
809 2354 872 2424 tu,
898 2335 1025 2432 inquit,
1044 2362 1086 2436 23

37 2465 40 2471 '
67 2454 174 2546 mihi,
194 2456 349 2546 Mucius,
375 2453 537 2540 Staseam,
557 2474 657 2547 quern
677 2444 926 2542 peripateticum
948 2473 1024 2520 nar·
1044 2474 1086 2528 105

65 2565 143 2636 ras?
170 2566 330 2664 gerendus
348 2565 394 2638 est
417 2565 479 2638 tibi
501 2586 575 2633 mos
591 2557 870 2650 adolescentibus,
892 2559 1022 2636 Crasse:

65 2679 212 2774 quinon
235 2677 354 2776 Graeci
378 2676 512 2750 alicuius
534 2673 759 2773 quotidianam
787 2676 1022 2774 loquacitatem

64 2787 132 2858 stne
153 2787 241 2878 usu,
264 2814 372 2886 neque
393 2813 435 2861 ex
462 2786 581 2862 scholis
607 2786 800 2859 cantilenam
821 2788 1022 2885 requirunt,

63 2899 121 2971 sed
134 2926 176 2972 ex
189 2899 326 2972 homine
344 2903 494 2974 omnium
508 2902 740 2999 sapientissimo
755 2924 851 2999 atque
865 2897 1022 3000 'eloquen-

63 3004 212 3090 tiffimo,
239 3022 337 3100 atque
359 3030 401 3075 ex
423 3030 491 3095 eo,
518 3006 576 3104 qui
598 3006 725 3083 nonin
746 3006 860 3078 libellis
879 3060 891 3094 ‚
909 3007 963 3079 sed
984 3009 1021 3082 in

64 3114 219 3188 maximis
240 3113 341 3186 causts
353 3167 365 3201 ,
396 3134 430 3186 et
460 3115 495 3186 in
521 3116 589 3188 hoc
618 3115 791 3187 domicilio
823 3115 955 3210 imperii
987 3135 1021 3190 et
1094 3150 1100 3163 ·

62 3227 210 3325 gloriae,
231 3226 271 3298 srt
290 3225 427 3298 consilio
446 3227 620 3323 linguaque
642 3226 821 3321 princeps;
844 3224 935 3298 cuius
955 3251 1020 3298 ve·

61 3336 157 3433 sligia
178 3334 333 3430 persequi
346 3325 520 3431 cupiunt,
539 3334 607 3406 eius
633 3334 826 3419 senteutiam
853 3332 1019 3408 sciscitan-

61 3471 127 3521 tur.
166 3431 330 3545 Equidem'
353 3467 387 3519 te
413 3471 487 3519 cum
516 3447 552 3518 in
580 3445 720 3517 dicendo
746 3442 875 3541 semper
901 3445 1017 3548 putaui
1038 3464 1084 3519 ωε

62 3557 188 3646 deum,
214 3575 285 3629 tum
317 3582 402 3629 vero
428 3557 489 3628 tibi
520 3581 686 3653 nunquam
712 3555 918 3653 eloquentiae
946 3581 1018 3626 ma-

60 3667 170 3738 iorem
189 3667 290 3738 tribui
312 3668 440 3738 laudem
455 3720 465 3752 ,
479 3657 577 3763 quarn
592 3666 822 3743 humanitatis:
847 3688 911 3760 qua
929 3688 1016 3735 nunc

59 3796 95 3851 te
116 3779 166 3851 uri
187 3780 244 3853 vel
260 3781 408 3877 maxime
431 3781 545 3869 decet,
563 3804 671 3878 neque
688 3777 844 3942 defugcqre
863 3772 1018 3849 eamdis
1094 3867 1099 3875 ἱ

683 3920 688 3928 .
833 3896 853 3941 2
950 3913 954 3921 .
