2302 4304
388 234 689 348 ntunu'r.
965 269 1022 366 a,

57 455 123 511 tum
141 437 342 512 continenda
361 437 468 509 anima
479 433 692 523 indicendo,
711 429 758 504 est
770 429 953 518 assecutus,
974 447 1013 502 ut

58 571 118 617 una
145 544 396 618 continuatione
416 543 597 618 verborum
620 539 674 638 (id
697 540 790 638 quod
809 539 878 611 eius
895 536 1014 635 scripta
1055 542 1057 546 ’

57 654 239 754 declarant)
257 656 351 728 binae
373 652 651 743 eicontentiones
659 651 757 722 vocis
771 645 1015 720 etremiffiones

58 767 316 841 continerentur:
356 765 413 862 qui
438 762 536 834 etiam
558 758 621 860 (ut
640 758 822 833 memoriae
844 755 1018 852 proditum

54 874 114 975 est)
140 876 300 949 conieffis
319 873 354 946 in
380 898 421 946 os
443 871 599 962 calculis,
643 869 769 942 stunma
795 890 883 941 voce
906 863 1018 938 versus

55 982 176 1055 multos
195 1007 266 1055 uno
283 981 395 1080 spiritu
416 980 628 1081 pronuntiare
640 975 871 1051 consuescebat
884 998 896 1058 ;
909 995 1018 1069 neque

54 1092 267 1166 isconsrstens
282 1092 430 1184 inloco,
454 1089 510 1162 sed
532 1087 752 1176 inambulans,
770 1101 868 1183 atque
886 1080 1019 1155 adscen-

55 1203 88 1274 su
105 1202 296 1301 ingrediens
318 1204 441 1290 arduo.
469 1200 589 1281 ¹Hisce
615 1225 677 1297 ego
708 1195 1018 1293 cohortationibus,
1037 1210 1084 1261 262

56 1310 188 1401 Crasse,
213 1312 256 1383 ad
269 1309 416 1384 studium.
437 1329 471 1383 et
488 1311 531 1383 ad
553 1310 699 1383 laborem
723 1308 910 1384 incitandos
924 1307 1031 1379 iuven

10 1508 12 1513 Ι
57 1443 112 1491 nes
127 1414 348 1515 vehementer
363 1417 543 1492 assentior:
563 1437 671 1494 cetera
677 1472 696 1508 „
710 1443 793 1518 quae
807 1414 963 1515 collegisti
976 1439 1019 1487 ex

57 1522 154 1596 variis
166 1542 201 1596 et
215 1524 351 1618 diverfis
358 1522 472 1601 studiis
484 1544 518 1598 et
526 1525 665 1615 artibus,
679 1524 805 1598 tametsi
815 1523 882 1621 ipse
895 1548 931 1594 es
944 1543 1019 1593 om·

58 1636 108 1706 nia
122 1636 340 1729 consecutus,
364 1654 475 1714 tamen
491 1634 681 1710 ab'oraloris
693 1637 838 1736 proprio
846 1631 960 1737 officio
972 1649 1019 1710 at·
1122 1684 1126 1693 -

58 1754 120 1842 que
142 1771 280 1823 munere
291 1747 432 1822 seiuncta
447 1746 510 1820 effe
533 1749 691 1844 arbitror..

104 1848 200 1932 Haec.
208 1840 295 1930 'c'u'tii
305 1858 473 1930 'Antonius
494 1858 647 1949 dixisset,
680 1858 755 1932 sane
775 1857 922 1933 dubitare
932 1850 1021 1930 visus
1040 1865 1094 1935 dn

58 1961 101 2033 est
119 1964 283 2061 Sulpicius
311 1984 345 2038 et
359 1965 480 2055 Cotta,
505 1964 609 2038 utrius
630 1965 738 2037 oratio
753 1966 890 2063 propius
902 1963 945 2037 ad
963 1986 1029 2057 ver
1124 2007 1127 2011 .

58 2071 187 2151 litatem
208 2075 374 2159 videretur
393 2078 568 2157 accedere,
609 2079 699 2166 Tum
719 2078 869 2169 Crassus,
895 2080 1025 2174 Opera·
1042 2101 1090 2170 263

59 2181 143 2254 rium
161 2184 260 2258 nobis
283 2187 468 2283 quendam,
491 2191 641 2282 Antoni,
664 2209 831 2263 oratorem
857 2176 957 2279 facis,
978 2208 1025 2260 at-

59 2319 120 2390 que
139 2294 228 2367 haud
249 2296 342 2389 scio‘,
362 2308 405 2371 ah
418 2299 508 2376 aliter
524 2302 640 2377 sentias
653 2319 710 2391 „et
724 2320 816 2377 utare
832 2323 889 2373 tua
900 2301 953 2371 illa
964 2301 1027 2370 mi-

60 2403 210 2515 tifica3ad
225 2405 443 2513 refellendum
453 2471 456 2477 .
466 2410 704 2509 consuetudine
717 2462 740 2498 „
760 2434 826 2507 qua
836 2408 898 2482 tibi
924 2432 1037 2482 nemo--

62 2528 207 2614 unquam
235 2514 420 2623 praestitit:
456 2521 550 2592 cuius
574 2520 710 2619 quidem
734 2519 835 2617 ipsius
867 2517 1029 2593 facultatis

62 2629 280 2720 exercitatio,
305 2647 479 2704 oratorum
498 2631 634 2729 propria
655 2631 725 2720 est,
748 2630 804 2703 sed
820 2629 886 2700 iam
901 2629 936 2701 in
954 2627 1027 2727 plai-¹

61 2735 279 2834 losopborum
302 2741 538 2815 consuetudine
552 2744 718 2835 versatum,
745 2742 954 2839 maximeque.
968 2765 1030 2812 eo-
1086 2837 1088 2841 ἢ

55 2854 156 2939 nun,
180 2851 239 2954 qui
260 2850 302 2925 de
319 2853 413 2924 omni
426 2853 646 2952 reproposrta·
661 2855 697 2926 in
716 2849 888 2951 utramque
901 2868 1039 2947 partem.

59 2954 166 3029 solent
190 2958 409 3055 copiosissime
426 2960 549 3039 diceret
598 2967 725 3035 Verum
751 2989 814 3061 ego
840 2960 1028 3033 nonsolinn
1049 2973 1103 3039 264·

59 3067 265 3154 arbitrabar,
291 3068 341 3141 his
351 3068 538 3165 praesertim
557 3067 784 3161 audientibus,
815 3096 834 3141 a
854 3094 908 3141 me
924 3061 1031 3143 infor?

60 3173 1030 3282 mrioponere,qualis.esseposset·is,quihabitaretinsub

59 3290 175 3381 selliis,
186 3316 299 3391 neque·
306 3295 488 3393 quidquam
506 3297 645 3392 amplius
656 3296 806 3385 afferret,
818 3321 919 3394 quam
936 3294 1031 3394 quod

62 3400 1032 3502 causarumnecessitasposlularetzsedmaiusquiddamvido

61 3511 156 3597 ham,
166 3534 245 3587 cum
254 3507 436 3595 censebam,
444 3510 975 3608 oratorem‚praesertirninnostra
984 3533 1033 3579 re·
1041 3562 1047 3584 ,
1070 3539 1072 3546 ⁸

63 3618 348 3721 publica.,nullitu
358 3624 715 3720 ornamentiexpertem
727 3624 790 3697 esse
800 3646 966 3722 oportere.
977 3619 1035 3689 Tu

22 3780 28 3793 ·
63 3749 203 3819 autem„
221 3733 379 3830 quoniam
390 3735 490 3834 exigis
502 3736 700 3833 quibusdam
709 3737 827 3810 finibus
837 3751 948 3807 totum
961 3753 1036 3801 ora-
