2302 4304
351 208 782 386 LIBER1l1.'
941 245 1006 364 341

48 438 247 528 acerrimo,
278 437 322 511 ad
346 461 384 508 ea
413 431 659 532 cognoscenda,
683 451 770 528 quae
790 427 894 520 dicis,
919 380 1014 500 suisse

48 547 227 644 temporis.
266 541 439 640 Pergisne,
458 540 567 638 inquit
590 537 741 622 Crassus,
760 561 830 625 me,
855 560 938 633 quae
964 537 1016 608 di·

49 681 152 741 cam,
170 654 312 742 deme,
334 649 467 736 nonde
493 673 529 719 re
548 667 664 744 putare
689 645 825 717 dicere?
850 645 938 718 Sed
930 671 1044 736 iarn,

49 765 74 838 ιι
104 766 235 862 placet,
254 764 297 836 ad
314 759 457 835 inslintta
487 761 668 847 redeamus
700 758 790 830 Mihi
806 781 917 848 vem,
950 759 1027 836 Ca·

51 875 166 947 tulus
158 873 294 971 inquit,
320 872 482 973 placet.

37 1051 42 1061 .
102 990 196 1061 Tum
216 986 366 1079 Crassus,
397 984 598 1081 Quorsum
589 983 689 1084 tgitur
713 983 794 1057 haec
813 902 978 1083 spedas,
969 1008 1022 1055 tn·
1041 999 1071 1054 9¹

55 1097 151 1199 quit,
170 1116 239 1171 tam
257 1096 385 1195 longa,
406 1115 530 1169 ettam
555 1097 619 1168 alte
640 1096 777 1190 repetita
798 1094 937 1176 oratio?
963 1095 1027 1166 hae

35 1211 145 1282 'duae
164 1225 290 1304 partes,
315 1230 398 1302 quae
417 1204 500 1275 mihi
518 1201 709 1300 supersunt,
727 1203 931 1277 illustrandae
949 1228 1029 1301 ora·

56 1315 189 1401 tionis,
208 1340 246 1387 ac
273 1314 374 1387 totius
388 1314 601 1410 eloquentiae
623 1313 864 1404 cumulandae,
887 1339 1030 1413 quarum

59 1429 167 1501 altera
187 1424 252 1497 dici
278 1422 421 1522 postulat
443 1442 588 1520 ornate,
611 1425 718 1497 altera
744 1443 839 1522 apte,
865 1424 950 1498 hanc
969 1425 1031 1498 ha-

59 1543 146 1616 bent
165 1537 257 1630 vim,
278 1554 315 1609 ut
333 1535 371 1607 ιιι
389 1560 490 1632 quam
508 1534 652 1606 maxime
665 1533 825 1622 iucunda,
846 1561 947 1633 qnam
962 1561 1033 1608 ma·

60 1653 154 1727 xime
182 1650 219 1721 in
248 1647 356 1741 sensus
384 1673 528 1737 eorum,
553 1647 613 1745 qui
646 1648 804 1739 audiunt,
832 1648 974 1741 influat,
999 1674 1035 1724 et

63 1737 317 1861 quamplurimis
340 1756 379 1830 ιιι
400 1759 498 1830 rebus
517 1757 683 1832 instruda.
710 1758 964 1833 Instrumenmm
980 1785 1035 1832 au·
1023 1778 1083 1838 ·9²

63 1893 133 1946 tem
164 1872 233 1942 hoc
260 1867 417 1958 sotense,
449 1867 656 1966 litigiosum,
689 1893 785 1960 acte,
820 1870 960 1944 trallunt
993 1881 1045 1946 e'x

63 1981 162 2081 vulgi
185 1979 420 2078 opinionibus,
447 1980 611 2079 exiguum
633 1979 707 2052 sane
726 2000 824 2080 atque
845 1970 1074 2068 mendicum

66 2095 124 2170 est.
163 2095 244 2168 illud
273 2091 384 2167 rursus
420 2093 553 2191 ipsum,
585 2090 679 2191 quod
696 2094 846 2168 >tradunt
877 2094 953 2185 isti,
980 2093 1041 2193 qui

66 2203 270 2330 profitentur
295 2203 328 2277 se
353 2203 486 2278 dicendi
508 2203 710 2302 magistros,
729 2230 801 2276 non
827 2204 968 2277 multum
992 2205 1041 2276 est

68 2313 211 2400 maius,
237 2335 341 2411 quam
367 2311 448 2407 illud
472 2311 608 2409 vulgare
633 2334 673 2383 ac
696 2309 837 2383 forense.
872 2313 1046 2408 Apparatu

70 2423 171 2497 nobis
195 2447 281 2520 opus
306 2421 379 2512 est,
401 2440 436 2496 et
460 2422 559 2494 rebus
573 2401 743 2517 'exquisitis
763 2399 910 2518 undique
923 2439 956 2493 et
972 2419 1045 2494 col·

70 2533 189 2618 ledis,
210 2532 383 2623 arcessitis,
407 2530 650 2650 comportatis,
673 2550 711 2603 ut
732 2530 814 2621 tibi,
834 2532 973 2625 Caesar,
993 2532 1046 2605 fa·
1123 2576 1126 2581 ·

72 2643 232 2718 ciendum
259 2639 305 2740 est
334 2642 378 2714 ad
404 2643 556 2728 annum;
584 2657 621 2711 ut
647 2664 712 2738 ego
740 2639 776 2714 in
804 2643 973 2719 aedilitate·
995 2645 1046 2718 la·

72 2748 222 2838 boravi,
246 2747 340 2846 quod
357 2744 589 2846 quotidianis,
612 2769 647 2819 et
674 2749 859 2824 vernaculis
880 2752 978 2828 rebus
1000 2751 1046 2825 sa-

73 2858 226 2935 tisfacere
238 2882 294 2929 me
303 2853 482 2954 possehuic
507 2852 637 2952 populo
651 2880 720 2928 non
732 2861 897 2955 putabant.
912 2862 1048 2936 Verbo·
1063 2878 1097 2934 ts

73 2995 153 3045 rum
169 2962 464 3068 eligendorum‚et
488 2967 782 3061 collocandorum,
799 2972 1049 3046 etconcluden·
1072 2959 1087 2980 ‘

76 3079 204 3152 dorum
234 3075 338 3149 facilis
360 3074 406 3148 est
430 3075 485 3149 vel
513 3077 617 3167 ratio,
644 3075 700 3152 vel
721 3079 789 3151 sine
813 3078 963 3168 ratione,
982 3080 1051 3179 ipsa

77 3188 285 3264 exercitatio.
319 3189 445 3262 Rerum
474 3186 520 3260 est
549 3187 631 3264 silva
667 3210 824 3288 magna,
847 3216 947 3288 quam
972 3217 1052 3281 cum

79 3300 206 3374 Graeci
232 3300 300 3373 iam
331 3325 402 3371 non
425 3316 594 3387 tenerent,
622 3300 669 3372 ob
693 3305 831 3399 eantque
850 3301 977 3377 causam
1000 3301 1052 3374 iu·
1130 3333 1132 3338 ·

80 3428 202 3488 ventus
224 3409 337 3484 nostra
352 3410 532 3484 dedisceret
544 3436 648 3508 paene
669 3402 853 3501 discendo,
870 3415 969 3488 etiam
991 3416 1053 3484 La·

73 3518 172 3610 tini,
196 3517 311 3594 sidiis
333 3520 468 3618 placet,
494 3521 563 3593 hoc
595 3520 732 3595 biennio
756 3523 899 3622 magistri
922 3518 1056 3597 dicendi
1111 3531 1129 3609 J

84 3574 295 3703 exstiterunt·
287 3653 400 3729 ·quos
414 3653 479 3729 ego
494 3630 611 3704 censor
629 3631 745 3703 edicto
756 3657 834 3705 meo
848 3629 1056 3752 sustuleram

86 3765 161 3816 non
184 3767 255 3838 quo
281 3739 344 3839 (ut
364 3741 476 3814 nescio
493 3765 579 3836 quos
597 3739 708 3828 dicere
728 3739 888 3836 aiebant)
913 3737 988 3819 acui
1005 3737 1078 3827 ιιι

172 3841 269 3917 Cicer.
295 3843 389 3936 Oper.
410 3843 487 3922 Vol.
464 3838 586 3954 1119
713 3879 715 3883 ·
824 3837 863 3938 Q
