2302 4304
328 267 689 439 sonarou
936 353 1034 426 q„

45 505 151 576 nint,
176 487 313 561 adversa
321 489 513 575 contrariis,
533 487 776 587 saepissimeque
789 487 937 564 similiter
948 516 1008 564 ex·
1035 532 1038 536 ·

45 620 159 671 trema
172 595 342 670 definiunt
366 597 453 670 Huic
465 597 578 695 generi
590 597 723 671 historia
740 596 880 672 finitima
896 601 955 691 est,
973 603 1008 676 in
1028 622 1072 671 20

45 736 117 811 qua
130 727 166 783 et
180 726 327 783 narratur
347 732 480 799 ornate,
501 728 535 783 et
547 711 641 808 regio
659 709 751 809 saepe
764 731 820 786 aut
832 736 942 827 pugna
955 714 1009 788 de·
1026 729 1058 782 6⁶

45 823 226 908 scribitur3
250 822 505 917 interponuntur
517 821 616 894 etiam
644 823 823 898 conciones
848 842 881 898 et
899 825 1012 899 horta·

45 933 181 1026 tiones:
207 930 261 1002 sed
278 930 313 1001 in
332 929 382 1001 his
407 930 507 1003 uada
529 931 686 1028 quaedam
709 949 745 1005 et
765 931 868 1007 fluens
888 934 1010 1032 expeti·

45 1066 133 1134 tur,
160 1069 228 1116 non
252 1043 334 1115 haec
350 1060 505 1115 contorta
525 1062 557 1115 et
572 1043 657 1116 acris
673 1044 790 1117 oratio.
814 1045 926 1131 Abhis
941 1072 1011 1120 non

45 1155 161 1230 multo
174 1154 283 1245 secus,
298 1162 397 1252 quam
414 1153 570 1252 apoetis‚
586 1153 665 1226 haec
682 1149 895 1251 eloquentia,
911 1183 1012 1255 quam

46 1267 270 1366 quaerirmrs,
289 1266 473 1343 sevocanda
485 1263 540 1336 est.
567 1264 750 1337 nametiam
770 1285 887 1362 poetae
909 1293 1008 1365 quae·
1040 1312 1054 1345 s

47 1378 196 1454 stionem
224 1377 403 1469 attulerunt
416 1431 427 1468 ‚
440 1454 443 1461 J
455 1376 613 1474 quidnam
631 1374 710 1448 esset
734 1376 837 1463 illud,
865 1403 934 1476 quo
953 1379 1011 1478 ipsr

48 1487 224 1562 differrent
237 1488 277 1560 ab
300 1487 496 1561 oratoribus.
521 1510 660 1560 numero
681 1486 827 1558 maxime
850 1488 1012 1563 videban-
1120 1506 1121 1511 ’

48 1620 108 1677 tur
123 1620 237 1690 antea,
261 1617 296 1671 et
314 1599 437 1672 versu:
463 1622 550 1670 nunc
576 1597 663 1692 apud
685 1619 835 1671 oratores
857 1596 922 1670 iam
944 1598 1012 1697 ipse

48 1737 213 1788 numerus
230 1709 418 1784 increbruit.
448 1709 620 1807 Quidquid
643 1707 690 1780 est
702 1709 813 1796 enim,
843 1709 936 1805 quod
953 1710 1011 1782 sub
1028 1731 1060 1796 ⁶7

48 1829 183 1904 aurium
205 1824 390 1901 mensuram
406 1822 548 1920 aliquam
579 1823 690 1916 cadit,
725 1820 849 1895 etiams
886 1820 1012 1894 abella
1099 1824 1104 1835 '

49 1937 176 2025 versu,
201 1933 295 2033 (narn
313 1933 348 2005 id
369 1932 503 2032 quidem
522 1932 680 2006 orationis
700 1931 746 2006 est
759 1931 926 2033 vitium,)
952 1961 1012 2007 nu-

49 2068 167 2120 merus
182 2065 345 2133 vocatur,
360 2043 417 2141 qui
431 2067 547 2141 graece
561 2064 666 2137 ςυθμος
680 2043 809 2117 dieitur.
835 2047 946 2143 ltaque
955 2046 1012 2119 vi·
1040 2060 1048 2077 ‘

50 2155 122 2229 deo
139 2152 249 2228 visum
263 2153 326 2226 esse
343 2153 530 2241 nonntdlis‚
554 2153 699 2227 Platonis
713 2178 746 2227 et
758 2155 950 2227 Democriti
963 2156 1013 2227 lo-

50 2263 247 2348 cutionem,
271 2261 327 2334 etsl
341 2261 421 2352 abfit
439 2287 457 2333 a
472 2261 593 2346 versu,
616 2280 752 2353 tamen,
783 2263 875 2358 quod
900 2263 1013 2335 incita·

50 2374 119 2446 tius
132 2369 280 2461 feratur,
305 2389 338 2444 et
364 2369 542 2449 clarissimis
560 2370 743 2441 verborum
765 2369 942 2443 luminibus
965 2396 1010 2442 u·

51 2497 164 2569 tatur,
186 2478 295 2575 potius
314 2502 434 2575 poema
460 2474 656 2573 putandum,
682 2502 782 2573 quam
803 2477 1013 2554 comicorum

50 2605 232 2687 poetarum
255 2611 267 2671 ;
291 2585 377 2682 apud
396 2608 509 2682 quos,
531 2581 591 2654 nisi
625 2586 717 2681 quod
740 2584 891 2658 verficudi
920 2585 1013 2678 sunt,

50 2695 141 2769 nihil
164 2694 317 2769 estaliud
330 2693 514 2793 quotidiani
528 2691 677 2777 diffimile
692 2693 859 2769 sermonis.
887 2721 949 2771 nec
961 2714 1013 2771 ta·-

52 2833 136 2883 men
151 2806 241 2880 idest
259 2800 376 2904 poetae
388 2801 586 2890 maximum3
603 2804 668 2901 tersa
687 2807 733 2880 est
746 2833 788 2881 eo
801 2809 1014 2902 laudabilior,

52 2920 153 3020 quod
166 2918 304 2993 virtutes
321 2917 463 2992 oratoris
479 2915 704 3016 persequitur,
718 2945 794 2994 cum
803 2925 900 3022 versu
911 2925 950 2998 sit
963 2926 1015 2998 ad·

53 3030 214 3105 strictior.
238 3035 311 3129 Ego
325 3050 434 3104 autem
448 3028 570 3102 etiamsi
592 3035 800 3129 quorundam
824 3032 966 3133 grandis
980 3053 1014 3109 et
1030 3049 1062 3100 68
1106 3112 1110 3120 ,

54 3157 178 3213 ornata
189 3164 260 3215 vox
276 3139 322 3211 est
340 3156 540 3237 poetarum,
566 3156 676 3211 tamen
703 3141 737 3211 in
761 3164 799 3211 ea
813 3165 888 3212 cum
910 3141 1013 3219 licen-

53 3247 140 3325 tiam
152 3247 257 3322 statuo
267 3251 427 3322 maiorem
441 3246 525 3336 esse,
547 3246 820 3343 quaminnobis,
841 3247 1013 3327 faciendo-

53 3387 136 3435 rum
149 3360 453 3460 iungendorumque
463 3358 661 3449 verborum,
681 3361 858 3437 tumetiam
870 3368 1013 3440 nonnul.

53 3471 174 3545 lorum
193 3471 356 3568 voluptati
377 3471 517 3548 vocibus
531 3470 658 3568 magis,
678 3496 776 3569 quam
792 3475 887 3550 rebus
912 3476 1012 3550 inser-

53 3581 168 3656 viunt.
192 3582 263 3652 Nec
277 3573 382 3672 vero,
403 3576 521 3679 srquid
542 3575 702 3651 est'unum
720 3579 806 3654 inter
819 3608 877 3655 eos
890 3583 1013 3676 simile,

57 3690 115 3792 (id
125 3709 235 3764 autem
247 3693 294 3765 est
307 3694 480 3784 iudicium,
503 3691 682 3788 eleslioque
694 3680 891 3792 verborum)
906 3718 1013 3792 prop·
1106 3686 1110 3705 ³

53 3822 346 3879 tereaceteranun
359 3800 469 3879 rerum
480 3802 703 3878 dissimilitudo
716 3802 855 3902 intelligi
868 3829 938 3877 non
956 3831 1013 3905 po
1051 3914 1055 3920 ι
