2304 4304
1039 250 1044 280 i

365 284 700 358 LIBERII.
882 370 885 377 ¹
951 307 1014 384 ¹¹5
1118 311 1120 316 ’

43 445 176 545 quibus
196 443 335 535 verbis,
354 462 387 516 et
406 469 475 541 quo
500 444 617 515 ordine
642 443 789 533 diceret,
803 443 964 534 haberet,
983 464 1018 519 et

46 580 88 626 ea
113 552 346 641 meminitiet?
375 556 484 650 Atque
505 553 586 624 haec
605 577 669 648 ego
694 577 764 624 non
786 554 1018 648 reprehendo:

41 666 110 738 ¹sed
130 684 211 737 ante
232 664 348 736 oculos
365 663 470 760 posita
496 662 560 733 effe
579 663 674 751 dico,
700 679 737 732 ut
756 685 809 732 eas
830 662 910 738 item
935 691 1018 762 qua-

51 800 160 864 tuor,
197 777 367 875 quinque‚
395 774 494 850 sexve
522 794 653 870 partes,
683 772 739 847 vel
770 771 869 847 etiam
898 774 1021 873 septem

58 885 251 984 (quoniam
273 876 366 957 alit'er
386 885 427 956 ab
445 884 513 956 aliis
528 880 747 981 digeruntur)
762 883 797 953 in
812 907 893 979 quas
910 884 957 955 est
979 889 1021 959 ab
1116 879 1118 883 ¹

56 997 108 1068 his
132 997 243 1068 omnis
264 995 373 1082 oratio
398 993 576 1075 distributa.
621 994 739 1065 Iubent
758 992 848 1065 enim
873 996 1022 1071 exordiri
1039 1019 1071 1071 80

58 1104 129 1196 ita,
148 1124 186 1178 ut
209 1124 307 1194 eum,
333 1102 391 1202 qui
414 1103 546 1204 audiat,
569 1100 770 1172 benevolum
797 1100 894 1173 nobis
917 1101 1021 1176 facia·

59 1243 159 1306 mus,
180 1234 215 1289 et
239 1216 407 1294 docilem,
431 1232 465 1286 et
493 1232 676 1284 attentum:
696 1208 820 1305 ,deiude
845 1237 917 1284 rem
945 1240 1022 1286 nar-

58 1349 153 1415 rare,
179 1323 225 1396 ita
254 1343 291 1397 ut
312 1321 495 1398 verisimilis
517 1320 662 1394 narratio
685 1317 743 1408 sit,
765 1338 800 1389 ut
822 1340 959 1416 aperta,
983 1344 1021 1399 ut

60 1431 197 1503 brevis:
224 1428 299 1526 post
322 1448 431 1501 autem
457 1429 604 1501 dividere
636 1424 790 1515 causam,
816 1446 870 1499 aut
891 1454 1022 1527 propo.

59 1562 163 1611 nere:
189 1535 299 1608 nostra
328 1536 527 1631 confirmare
558 1535 780 1635 argumentis,
810 1560 848 1607 ac
878 1541 1020 1614 rationi-

59 1647 154 1717 bus:
186 1644 306 1716 deinde
334 1645 502 1716 contraria
533 1643 686 1721 refutare.
724 1633 796 1713 tuni
829 1664 940 1727 autem
966 1653 1021 1724 alii

59 1753 308 1827 conclnfionem
326 1755 506 1842 orationis,
528 1777 561 1825 et
581 1753 670 1850 quasi
689 1753 936 1848 perorationem
950 1760 1021 1829 col-

57 1863 197 1932 locant:
218 1861 272 1930 alii
300 1858 437 1946 iubent,
461 1877 636 1955 antequam
660 1877 857 1954 peroretur‚
880 1868 1022 1938 ornandi
1065 1936 1072 1959 ‚

60 1988 118 2042 aut
136 1970 276 2066 augendi
295 1968 408 2056 causa,
428 1969 555 2066 digredi
573 1993 581 2040 z
599 1968 716 2041 deinde
738 1973 961 2066 concludere,
981 2005 1020 2052 ac
1111 1981 1114 1985 ’

59 2102 233 2176 perorare.
254 2077 310 2148 xNe
330 2077 411 2177 haec
429 2077 562 2174 quidem
586 2076 804 2175 reprehendo.
832 2079 905 2154 sunt
930 2086 1018 2156 enim
1039 2096 1069 2150 tr

62 2191 228 2263 concinne
251 2189 455 2275 distributa:
482 2189 536 2262 sed
565 2209 696 2280 tamen,
716 2191 751 2264 id
773 2195 866 2290 quod
892 2197 1022 2271 neceffe

61 2300 126 2373 fuit
142 2298 362 2380 'honhibus
384 2298 573 2396 expertibus
602 2296 775 2386 veritaris,
800 2324 872 2370 non
905 2304 1021 2397 perite.

62 2413 161 2502 Quae
178 2409 267 2481 enim
280 2431 454 2507 praecepta
467 2405 729 2505 principiorum,
746 2432 779 2491 et
795 2412 1021 2487 narrationum
1117 2417 1121 2431 ‘

63 2522 130 2594 effe
154 2521 355 2609 voluerunt,
377 2544 416 2591 ea
442 2516 578 2590 intotis
599 2515 805 2593 orationibus
832 2517 905 2594 sunt
934 2548 1020 2597 con·

62 2626 235 2701 servanda.
268 2612 355 2699 Naim
381 2647 445 2722 ego
469 2623 552 2696 mihi
575 2623 776 2726 benevolum
796 2627 937 2703 iudicem
965 2633 1018 2706 fa·
1037 2647 1085 2700 εκ

63 2736 156 2811 cilius
178 2735 286 2808 facere
309 2733 438 2832 poffum
460 2734 495 2806 in
519 2735 614 2809 cursu
631 2735 808 2826 orationis,
825 2765 923 2838 quam
941 2771 1030 2819 cum·

63 2849 178 2920 omnia
202 2847 276 2920 sunt
298 2835 471 2926 inaudita:
497 2849 642 2927 docilem
674 2870 809 2944 autem,
838 2880 908 2927 non
941 2885 1018 2932 cum

62 2958 227 3055 polliceor
258 2983 312 3028 me
327 2969 329 2974 ’
344 2957 666 3045 demonstraturrun,
720 2960 775 3032 sed
805 2982 897 3050 tum,
941 2990 1017 3039 cum
1090 3033 1093 3039 .

62 3067 175 3139 doceo
194 3086 232 3161 'et
247 3067 411 3164 explanot
431 3087 592 3141 attentum
610 3095 721 3160 vero,
742 3070 862 3146 c'rebro
878 3092 949 3146 tota
961 3101 1018 3147 ac·

61 3173 157 3245 tione
182 3167 362 3246 circitandis
385 3175 546 3248 mentibus
562 3176 724 3264 iudicum,
744 3203 813 3250 non
829 3180 936 3276 prima
956 3185 1017 3256 de·

61 3283 271 3355 nuntiatione
290 3283 418 3359 efficere
439 3282 617 3378 poffumus.
651 3288 719 3361 Iam
746 3310 832 3358 vero
854 3293 1017 3364 narratio-
1034 3313 1065 3382 s,

61 3416 140 3464 nem
165 3396 259 3491 quod
293 3392 406 3469 iubent
434 3391 644 3465 verisimilem
671 3396 759 3486 effe,
786 3417 819 3471 et
843 3420 1012 3497 apertam,

61 3526 97 3579 et
119 3507 271 3595 brevem,
290 3507 377 3578 rede
395 3528 457 3578 nos
478 3504 667 3579 admonent.
693 3508 786 3605 quod
798 3508 879 3584 haec
900 3537 1016 3584 narra·

58 3619 161 3692 tionis
186 3616 290 3717 magis
306 3632 423 3718 putant
436 3615 500 3686 effe
518 3616 679 3712 propria,
699 3629 798 3721 quam
818 3623 921 3703 totius
939 3647 1016 3693 ora·

53 3728 188 3822 nimir,
208 3729 306 3806 valde
329 3725 413 3801 mihi
430 3727 584 3803 videntur
604 3752 723 3807 errare.
747 3731 1015 3898 1pmninoquein
