2302 4304
340 291 652 382 Brutus
772 386 778 392 ,
886 327 971 408 ,μη

33 456 96 544 rm.
159 467 286 543 Multae
315 471 388 543 sunt
419 460 474 567 Sp.
508 469 620 571 Alb‘ffi
654 465 847 540 orationes‘
892 468 976 541 Sunt

33 579 111 652 tiam
132 581 168 652 L.
182 598 214 652 et
233 581 274 654 C.
292 582 506 653 Aureliorum
526 579 740 665 Orestarum,
765 601 849 676 quos
861 577 975 676 aliquo
1052 665 1055 670 Ι

33 689 116 762 ideo
134 689 171 762 in
191 716 334 791 numero
354 702 531 764 oratorum
553 689 658 765 fuisse.
692 692 727 762 P.
748 689 847 764 etiam
865 689 974 784 Popil·
991 709 1028 772 95.
1063 685 1086 770 ,’

33 827 73 874 us
102 807 181 873 cum
209 801 293 875 civis
310 801 480 900 egregius,
505 820 576 874 tum
603 827 673 873 non
699 800 871 873 indisertus
898 799 975 878 fuit.
1049 850 1052 855 -

33 911 47 980 :.
65 933 179 997 vero,
204 905 289 979 filius
308 909 398 996 eius,
430 908 576 983 disertus.
614 908 775 1006 Caiusque
791 908 975 982 Tuditanus
1043 1001 1047 1008 Ι

33 1043 85 1088 um
107 1017 206 1091 omni
230 1017 300 1091 vita
320 1036 417 1114 atque
441 1018 533 1098 vista
555 1018 703 1090 excultus
726 1036 823 1116 atque
841 1016 974 1112 expoli-
1065 1065 1068 1071 ·

33 1150 81 1214 as,
106 1143 182 1196 tum
202 1123 272 1196 eius
297 1124 429 1222 elegans
446 1122 493 1196 est
512 1124 663 1201 habitum
687 1125 787 1197 etiam
810 1125 973 1202 orationis
1082 1148 1085 1153 ’

33 1259 123 1305 enus.
171 1233 368 1330 Eodemque
377 1235 418 1305 in
436 1259 553 1332 genere
571 1233 618 1306 est
633 1235 761 1308 habitus
778 1237 827 1326 is,
851 1237 910 1336 qui
921 1236 975 1308 in-

33 1344 92 1416 iria
116 1360 250 1440 accepta
273 1343 372 1441 fregit
385 1344 441 1416 Ti.
466 1345 657 1417 Gracchum
676 1345 853 1443 patientia,
872 1347 974 1435 vcivis
1027 1413 1030 1418 .

33 1481 44 1526 1
65 1454 319 1551 rebusoptimis
333 1453 626 1544 constantissimus,
651 1460 699 1529 M.
718 1458 897 1534 Octavius«
926 1464 972 1535 At

33 1594 93 1641 ero
110 1572 163 1641 M.
181 1567 339 1641 Aemilius
361 1566 524 1663 Lepidus,
548 1568 606 1664 qui
616 1567 672 1654 ,est
690 1569 832 1642 Porcina
850 1572 971 1662 didus,
994 1606 1000 1614 ·

33 1681 125 1753 sdem
148 1679 354 1775 temporibus
380 1676 466 1764 fere,
491 1677 609 1775 quibus
629 1679 751 1768 Galba,
783 1680 838 1752 sed
863 1685 986 1779 paulo‘

33 1791 120 1862 rinor
140 1805 235 1877 natu,
259 1804 294 1858 et
312 1785 591 1885 summus·orator
612 1785 823 1891 esthabitus,
850 1792 970 1883 attuit,
1039 1865 1043 1885 .

33 1923 45 1972 t
73 1917 212 1997 apparet
238 1923 283 1970 ex
311 1895 539 1985 orationibus,
570 1895 711 1993 scriptor
742 1900 816 1974 sane
848 1904 968 1980 bonus.

33 2012 84 2084 loc
106 2012 144 2082 in
168 2027 302 2081 oratore
319 2007 438 2079 Latino
459 2008 705 2105 primum'mibi
724 2013 857 2087 videtur
873 2036 906 2090 et
921 2019 968 2091 le‘-
982 2031 1017 2098 96
1075 2077 1080 2083 .

33 2117 91 2192 itas
112 2115 297 2214 apparuisse
313 2113 368 2185 illa
381 2116 607 2205 Graecorum,
631 2138 664 2190 et
678 2120 860 2192 verbomm
874 2128 969 2197 com-

33 2226 212 2314 rehenfio,
249 2223 347 2323 ¹etiam
381 2220 499 2294 artifex
534 2221 600 2317 (ut
628 2223 673 2293 ita
703 2225 840 2322 dicam)
869 2227 967 2308 stilus.

33 2339 107 2412 lunc
129 2336 270 2411 studiose
297 2336 365 2407 duo
394 2333 615 2432 adolescentes
645 2334 908 2431 ingeniosrffimi,
934 2360 968 2415 et

33 2474 116 2548 rope
132 2448 305 2547 aequales,
330 2448 371 2519 C.
389 2444 522 2529 Carb0‚
547 2460 581 2535 et
600 2444 654 2514 Ti.
668 2445 841 2518 Gracchus
854 2445 968 2522 audire
1032 2432 1040 2466 ³
1058 2489 1074 2496 ·*

33 2559 95 2631 ›liti
115 2556 212 2630 sunt:
238 2557 278 2628 de
297 2554 415 2652 quibus
429 2553 497 2625 iam
518 2551 654 2624 dicendi·
669 2552 763 2628 locus
781 2554 863 2643 erit,
888 2578 966 2627 cum
1076 2643 1078 2648 ,

33 2697 49 2743 e
80 2654 265 2742 senioribus
286 2687 392 2761 pauca
422 2661 549 2734 dixero.
597 2652 651 2754 Q.
669 2661 758 2734 enim
788 2663 967 2760 Pompeius
1030 2716 1061 2738 -,

33 2802 80 2849 on
104 2790 292 2847 contemtus
330 2787 445 2842 orator
478 2765 685 2863 temporibus
713 2768 775 2848 illis
791 2778 795 2864 J
808 2768 884 2860 suit,
907 2769 966 2868 qui
1028 2839 1032 2854 χχ

33 2904 159 2957 unmos
176 2880 344 2969 honores,
367 2879 474 2980 homo
496 2873 607 2973 perse
629 2877 797 2974 cognitus,
818 2877 885 2949 sme
900 2879 981 2951 ulla.
1042 2934 1048 2965 ,

33 2990 304 3066 smmenda'tione
327 2988 491 3071 maionun
523 2983 587 3072 est¹
604 2985 748 3081 adeptus.
808 2988 900 3057 Tum
927 2988 965 3058 L.
981 3003 1015 3055 972

33 3104 141 3178 :allius
170 3101 311 3173 multum
335 3100 464 3195 potuit,
494 3121 564 3168 non
590 3097 795 3196 eloquentia,
831 3096 965 3181 seddi·

33 3210 123 3285 mdo
141 3226 273 3292 tamen,
298 3206 423 3293 homo,
436 3203 728 3293 nonliberalitate‚
753 3220 791 3274 ut
807 3200 966 3291 alii,‘sed

33 3321 78 3393 »sa
101 3317 241 3390 tristitia
254 3335 288 3389 et
308 3314 480 3388 severitate
498 3311 687 3420 popularis:
713 3311 804 3384 cuim
829 3311 966 3410 quidem

33 3431 75 3527 *gi
98 3424 305 3518 tabellariae,
319 3425 378 3520 M.
396 3422 513 3494 Antius
540 3421 658 3509 Briso,
687 3422 837 3496 tribunus
862 3424 966 3519 plebis

33 3540 66 3609 iu
87 3529 227 3622 restitit,
264 3535 313 3604 M.
340 3531 466 3630 Lepido
489 3527 621 3610 consule
643 3530 840 3617 adiuvante3
864 3554 967 3626 eaquo
996 3604 1000 3622 p

33 3674 58 3720 rs
72 3649 114 3723 P.
128 3632 286 3716 Africano
305 3639 540 3737 vituperationi
558 3627 754 3735 fuit,<qu0d
775 3639 843 3711 eius
856 3636 975 3707 audo*

33 3777 109 3837 tate
127 3755 170 3826 de
185 3749 341 3824 sementia
359 3748 516 3820 deduslus
531 3744 624 3825 Briso
642 3744 826 3840 putabatur.
875 3741 965 3816 Tum

59 3857 166 3931 Cicer.
186 3852 286 3945 Opcr.
304 3852 376 3919 Vol.
389 3847 436 3918 II.
740 3839 777 3910 X
