2302 4304
217 348 219 352 Α
346 274 697 376 ‘heutua
894 322 1018 400 ’,η

53 455 128 536 -fine
142 459 249 549 causa,
262 479 437 558 propterea
457 463 549 561 'quod
567 460 749 534 istorumin
760 459 930 536 dialedicis
945 487 1017 535 om·
1101 444 1103 455 ¹

60 571 112 643 nis
128 597 207 644 cura
226 572 447 659 consumitur;
464 599 585 670 vagum
606 574 684 644 illud
711 571 889 663 orationis,
904 591 941 646 ‘et
960 571 1017 646 fu-

61 684 159 775 sum,
182 702 216 757 et
232 686 402 782 multiplex
428 712 496 757 non
520 686 690 757 adhibetur
712 704 832 781 genus:
842 685 935 758 Tuus
960 711 1018 756 au-

55 809 128 865 tem
143 793 358 883 avunculis,
378 789 658 891 quemadmodum
686 793 763 882 scis,
777 793 874 865 habet
891 820 911 865 a
927 795 1019 868 Stoi·
1069 862 1073 869 .

58 901 107 974 cis
128 901 165 973 id
191 902 283 999 quod
308 905 349 974 ab
373 904 433 976 illis
459 905 636 1000 petendtun
661 901 725 976 fuit
739 929 750 989 ;
764 902 820 1000 sed
842 904 950 977 dicere
968 904 1018 975 di·
1068 901 1070 904 Α

60 1009 141 1082 dicit
168 1036 188 1080 a
204 1011 334 1085 dicendi
348 1012 531 1111 magistris,
554 1034 738 1110 eontmque
758 1037 853 1084 more
870 1012 904 1084 se
922 1014 1016 1085 exet·

57 1122 138 1194 cuit
158 1119 288 1214 Quodsi
311 1122 424 1194 omnia
453 1147 472 1192 a
497 1121 704 1218 philosophis
729 1122 831 1195 essent
851 1127 1016 1220 petenda;
1092 1110 1095 1115 ’

59 1223 351 1328 Peripateticolum
360 1229 511 1302 institutis
529 1230 737 1329 commodius
748 1227 926 1328 fingeretur
939 1258 1016 1305 ora·

59 1341 120 1415 tio.
149 1345 233 1435 Quo·
272 1340 374 1438 magis
412 1358 524 1428 tuum,
552 1332 677 1427 Brute,
699 1340 856 1413 iuditium
884 1340 1015 1438 probo,
1033 1378 1102 1422 no.

57 1450 117 1547 qui
134 1474 252 1522 eorum
273 1449 289 1547 [
307 1450 342 1522 id
360 1447 428 1538 est,
446 1466 619 1522 exuetere
636 1439 813 1522 Academia
832 1449 849 1547 ]
870 1451 1015 1548 philoso-

54 1555 203 1651 phonun
226 1557 344 1631 sedam
362 1555 486 1628 secuttu
507 1581 566 1644 es,
580 1580 723 1652 quorum
743 1556 778 1627 in
799 1556 950 1630 dodrina
962 1577 1014 1632 at*-

56 1690 126 1762 que
134 1667 316 1764 praeceptis
329 1663 503 1755 disserendi
515 1664 600 1734 ratio
618 1663 830 1761 coniungitur
853 1663 1014 1736 cumsua·

57 1775 162 1849 vitate
184 1764 314 1849 dicendi
335 1791 374 1872 et
407 1772 503 1869 copia
517 1799 527 1843 z
541 1795 739 1870 quamquam
758 1794 797 1841 ea
830 1770 898 1866 ipsa
920 1773 1013 1875 Peri*
1128 1796 1130 1805 ·

56 1890 279 1985 pateticorum
307 1886 646 1984 Academicortunque
677 1881 880 1957 consuetudo
898 1886 933 1958 in
958 1909 1037 1978 ra-,
1075 1910 1083 1928 ·

52 2001 153 2075 tione
178 2000 309 2073 dicendi
322 1999 397 2097 ¹talis
420 1996 489 2089 est,
511 2019 549 2071 ut
570 2022 639 2069 nec
659 1994 815 2094 perficere
844 2008 1012 2067 oratorem

53 2106 158 2202 poffit
179 2107 248 2204 ipsa
275 2103 335 2205 per
363 2107 426 2187 sese
434 2131 450 2197 ‚·
462 2132 522 2179 nec
543 2108 610 2179 sme
632 2132 670 2177 ea
698 2125 816 2178 orator
844 2107 909 2179 effe
933 2130 1013 2203 per⁴

53 2217 173 2318 sedus.
198 2221 308 2309 Nam,
331 2240 369 2294 ut
385 2221 575 2293 Stoicorum
601 2217 784 2300 adstridior
811 2214 1012 2306 odoratio,

53 2326 289 2426 aliquantoque
311 2329 527 2419 contemtor,
539 2353 639 2426 quam
651 2350 744 2399 aures
764 2325 881 2423 populi
901 2328 1011 2423 requi·

50 2457 158 2524 runt;
180 2437 224 2509 s1c
245 2438 377 2511 illorum
395 2438 530 2510 liberior
553 2455 586 2509 et
608 2437 733 2525 latior,
760 2461 858 2535 quam
890 2437 1013 2534 patitur

51 2546 260 2619 consuetudo
283 2546 483 2620 iudiciorum
508 2569 541 2619 et
562 2545 640 2617 fori.
663 2546 750 2639 Quis
768 2546 856 2618 enim
877 2546 1012 2623 uberior
1029 2571 1072 2613 12¹

50 2653 90 2727 in
121 2655 264 2736 dicendo
293 2656 458 2731 Platone?
509 2659 615 2731 Iovem
641 2655 730 2728 aiunt
752 2654 939 2755 philosophi
953 2712 964 2749 ,
975 2662 1016 2760 fi
1082 2699 1084 2704 ·

50 2767 170 2839 Graece
191 2774 355 2863 loquatur,
373 2771 424 2868 fic
448 2775 543 2866 loqui.
581 2771 666 2865 Quis
681 2767 856 2844 Aristotele
882 2798 1009 2848 nervo-

48 2875 148 2951 fior?
168 2879 399 2977 Theophrasto
428 2881 585 2954 dulcior?
606 2879 811 2954 Leditavisse
841 2882 1010 2959 Platonem

48 2986 221 3079 studiose,
241 2978 397 3064 audiuisse
418 2993 514 3071 etiam
537 2991 790 3066 Demosthenem
803 2993 1010 3081 dicitur3id·

48 3122 120 3194 que
144 3117 277 3194 apparet
300 3124 342 3170 ex
356 3123 472 3196 genere
489 3120 522 3173 et
535 3101 723 3198 'granditate
747 3099 940 3175 verborum.
959 3103 1009 3174 di-

48 3211 101 3281 cit
131 3209 231 3281 etiam
255 3210 291 3282 in
331 3211 470 3307 quadam
502 3210 637 3307 epistola
658 3212 737 3282 'hoc
769 3207 847 3304 ipse·
861 3209 901 3281 de
934 3209 1008 3288 sese.

46 3323 117 3394 Sed
141 3342 175 3394 et
188 3320 283 3394 huius
310 3321 419 3400 oratio
437 3321 472 3392 in
491 3320 733 3418 philosophiam
758 3319 1008 3420 translata,pu-

46 3435 192 3534 gnacior
220 3433 249 3532 (
276 3453 313 3506 ut
335 3434 379 3505 ita
404 3435 512 3508 dicam
536 3430 564 3530 )
585 3431 743 3521 videtur,
761 3444 794 3523 et
818 3429 948 3503 illorum
973 3434 1008 3502 in
1062 3497 1065 3505 ,

45 3544 199 3632 iudicia,
217 3546 375 3642 pacatior.
469 3576 484 3583 ¹·

57 3704 60 3708 -
99 3655 202 3726 Nune
224 3654 428 3750 reliquorum
443 3671 613 3725 oratorum
629 3669 747 3724 aetates
760 3653 808 3742 ,st
825 3654 955 3748 placet,
975 3667 1008 3720 et
1025 3674 1068 3745 32

44 3764 172 3864 gradus
192 3763 432 3862 persequamur.
481 3760 588 3845 Nobis
602 3786 707 3850 vero,
731 3759 839 3859 iuquit
862 3757 1008 3846 Atticm,
1026 3787 1068 3823 122
