2304 4304
268 373 272 381 ¹
366 228 616 353 ‘erran
663 283 689 352 1.
980 311 1023 377 4,

59 438 199 538 quando
214 436 338 537 aliquid
388 439 396 455 ‘
422 465 460 514 us
474 441 559 514 bene
573 439 751 531 secentnt,
773 466 874 543 qnam
896 443 1029 538 solent,

15 638 17 647 ,
57 572 115 631 cut
133 550 301 642 noluisse,
329 463 600 628 abdkbaletudine
613 553 765 651 impediti
788 579 858 629 non
882 557 1028 655 pontisse

15 654 18 683 ¹
60 659 250 760 consequi,
275 660 310 732 id
321 661 415 760 quod
437 661 580 750 scirent,
606 683 781 760 putamur:
807 664 949 756 Noluit,
973 667 1028 738 in·

60 774 204 874 quiunt,
228 772 329 848 hodie
353 797 449 872 agere
475 773 616 848 Roscius
625 799 642 861 ;⁴
670 795 744 864 aut,
767 772 915 848 Crudibt
941 775 1089 860 suit2125

60 884 209 960 oratoris
248 903 421 982 peccatum
430 937 446 978 ,
484 883 510 955 si
542 885 636 982 quod
658 883 706 956 est
736 885 1059 981 animadversum,·
1102 958 1107 965 ,

60 992 215 1069 stultitiae
237 1017 409 1092 peccatum
436 993 577 1069 videtu.
625 995 767 1072 Stultitia
788 1022 900 1073 autem
927 1025 1030 1074 excu-

62 1104 225 1178 sationem
238 1104 448 1179 nonhabet:
477 1105 555 1203 quia
568 1132 669 1180 nemo
691 1107 847 1201 videtur,
879 1132 936 1184 aut
953 1112 1032 1209 quia

62 1221 183 1295 crudus
200 1219 324 1310 fiterit,
347 1237 404 1292 aut
427 1219 578 1317 quodita
597 1219 775 1312 maluerit,
799 1220 912 1297 stultus
924 1221 1031 1298 finisse.

64 1333 144 1424 Quo
157 1329 275 1412 ‚etiarn
301 1326 447 1427 gravius.
460 1328 620 1402 iudicium
638 1330 675 1404 in
702 1329 846 1419 dicendo
872 1331 1031 1407 subimus.

65 1436 209 1528 Quoties
234 1434 324 1507 enim
354 1434 513 1528 dicimus,
536 1438 637 1511 toties
664 1438 705 1511 de
724 1439 822 1513 nobis
844 1439 1031 1514 iudicatura

64 1560 128 1629 et,
144 1541 205 1640 qui
218 1540 366 1616 semelin
388 1542 479 1641 gestu
490 1545 668 1642 peccavit,
693 1572 764 1620 non
777 1548 941 1623 continuo
954 1549 1030 1622 exi·

32 1695 35 1700 ·
63 1650 212 1726 stimantr
225 1649 353 1737 nescire
368 1652 515 1756 gestum3
539 1654 632 1728 cuius
649 1671 760 1727 autem
778 1655 814 1726 in
827 1654 972 1729 dicendo
993 1681 1031 1729 a·

47 1763 167 1861 'liquid
178 1763 414 1860 reprehensum
428 1763 500 1854 est,
525 1785 581 1837 aut
595 1785 727 1838 aeterna
745 1765 781 1837 in
798 1788 863 1850 eo,
888 1782 945 1838 ant
957 1790 1031 1838 cer·

64 1893 97 1947 te
110 1875 266 1949 diuturna
278 1874 368 1950 valet
389 1875 509 1973 opinio
535 1876 704 1952 tarditatis.
728 1878 811 1951 tllnd
824 1901 924 1968 vero,
936 1879 1029 1976 quod
1046 1885 1090 1959 28

64 2004 134 2063 ate
157 1988 282 2063 dicium
301 1986 374 2080 est,
400 1988 465 2062 elle
486 1991 670 2086 permulta,
693 2014 779 2088 quae
796 2011 914 2066 orator
937 1989 1032 2061 nifia
1047 2008 1091 2057 216

65 2117 181 2173 natura
203 2099 364 2188 haberet,
391 2124 461 2173 non
487 2101 626 2176 multum
643 2101 832 2201 amagistro
851 2100 1032 2175 adiuvare·

65 2235 149 2291 πυτ.
186 2220 286 2293 valde
306 2218 370 2292 tibi
391 2217 574 2308 assentior,
606 2218 709 2314 inque
735 2241 778 2289 eo
801 2214 857 2291 vel
884 2212 1032 2285 maxime

65 2308 228 2425 probavi
222 2329 395 2403 summum
419 2330 511 2403 illum
540 2271 738 2415 dbtlorem‚
772 2319 1033 2400 Alabandensem

67 2436 306 2534 Apollonium,
312 2464 389 2536 qtu
379 2437 641 2514 cummercede
650 2436 817 2521 doceret,
842 2451 1033 2502 tamennon

67 2545 272 2640 patiebantr,
295 2570 376 2638 eos,
399 2571 486 2645 quos
498 2544 664 2617 iudicabat
677 2567 748 2615 non
766 2538 860 2639 posse
882 2561 1032 2615 oratores

66 2659 241 2750 evadere,
277 2683 415 2756 operam
441 2660 530 2757 apud
547 2656 613 2732 sese
638 2657 802 2755 perdere,
826 2652 1057 2728 dimittebat:

67 2793 156 2865 que·
181 2791 216 2842 et
243 2769 286 2841 ad
311 2795 412 2868 quarn
435 2793 604 2869 quemque
625 2789 729 2843 artem
742 2764 878 2866 putabat
891 2761 1030 2857 esseap-

66 2875 231 2966 samad
244 2902 319 2990 eant
335 2877 503 3004 impellere
521 2895 621 2975 atque
642 2873 771 2948 hortari
791 2871 926 2945 solebat
973 2869 1091 2950 δτι-ιη

66 2984 108 3058 tis
127 2985 175 3060 est
190 2982 283 3060 enirn
305 2989 422 3062 ceteris
440 2985 587 3060 artificiis
613 2982 858 3082 percipiendis,
883 2996 1031 3057 tannim·

66 3098 174 3171 modo
192 3097 330 3172 similem
344 3097 409 3171 effe
430 3097 577 3170 hominis
583 3121 596 3182 ;
634 3113 668 3170 et
681 3095 737 3186 id,
761 3092 855 3190 quod
867 3091 1032 3182 tradatur,

68 3213 241 3287 ueletiam
269 3213 479 3303 inculcetur,
503 3209 612 3310 siquis
625 3208 716 3282 forte
728 3205 769 3280 s1t
777 3203 930 3295 tardior,
952 3203 1033 3302 pos·

67 3323 101 3396 se
127 3325 299 3423 percipere
326 3325 465 3410 animo,
501 3343 536 3395 et
562 3318 726 3394 memoria
751 3313 924 3391 custodire.
961 3340 1030 3389 non

67 3433 236 3530 quaeritur
249 3433 415 3507 mobilitas
423 3433 576 3531 linguae,
590 3454 660 3503 non
675 3425 822 3502 celeritas
834 3425 1031 3515 verbontm,

68 3565 138 3613 non
161 3541 305 3640 denique
327 3565 392 3631 ea,
416 3544 499 3639 qnae
514 3539 611 3614 nobis
639 3562 710 3610 non
734 3535 904 3634 possumus
922 3531 1031 3628 finge·

67 3674 124 3741 re,
142 3649 265 3741 facies,
290 3649 424 3736 vntus',
438 3648 546 3726 sonus.
569 3653 607 3723 In
619 3669 755 3724 oratore
768 3664 877 3720 autern
892 3663 1030 3716 acumen
1047 3655 1091 3708 nr

67 3759 342 3848 dialecticorum,
379 3758 557 3852 sententiae
581 3757 884 3859 philosophorum,
926 3748 1051 3865 verba·
