2302 4304
385 311 609 383 maen
657 311 720 383 η·
960 271 1075 425 ιη’

68 471 156 545 enim
183 470 219 546 in
232 470 372 546 Catonis
393 488 427 544 et
440 471 533 543 Bruti
556 470 648 544 libris
665 469 863 545 nominatim
887 470 958 545 sere
971 499 1028 546 re·

68 580 168 672 ferri,
186 582 269 679 quid
293 579 392 653 alicui
409 581 450 651 de
471 577 541 673 iure
559 577 637 652 viro
657 602 712 652 aut
735 578 865 651 mulieri
890 579 1028 677 respon·

17 726 19 757 :
67 694 200 767 derint:
228 692 330 765 credo
344 745 357 782 ,
373 711 411 764 ut
429 708 644 787 putaremus,
669 690 705 761 in
729 689 938 779 hominibus,
958 716 1029 764 non

17 792 19 797 ’
66 800 100 873 in
124 828 183 893 re,
211 799 456 876 consultationis
486 799 784 879 autdubitationis
810 799 938 872 causam
966 802 1029 873 ali„

53 910 279 1006 -quamsnisse
291 935 303 996 3
316 925 377 998 nt,
395 910 492 1006 quod
509 908 663 985 homines
683 908 787 982 essent
810 909 1031 981 innumerabi·
1063 928 1092 967 -·

67 1021 135 1112 les,
161 1020 321 1095 debilitati
343 1045 361 1091 a
380 1018 451 1091 iure
469 1020 722 1119 cognoscendo,
739 1019 950 1093 voluntatem
967 1019 1033 1094 disa

63 1124 164 1201 cendi
184 1128 278 1202 simul
299 1153 379 1202 cum
403 1126 460 1223 spe
482 1126 689 1222 perdiscendi
711 1126 936 1201 abiiceremus.

115 1240 183 1312 Sed
206 1239 287 1311 haec
311 1235 444 1308 Crassus
471 1235 647 1332 aliquando
674 1235 770 1315 nobis
783 1237 974 1335 expediet,
997 1259 1031 1312 et
1066 1316 1070 1324 ,

66 1365 217 1445 exponet
246 1346 405 1441 descripta
431 1344 624 1442 generatim.
665 1343 712 1417 est
739 1343 856 1430 enim,
878 1370 921 1419 ne
942 1343 1032 1421 sorte

64 1462 210 1552 nescias,
235 1459 307 1532 heri
319 1457 419 1530 nobis
439 1456 492 1529 ille
507 1443 596 1547 hoc,
620 1456 764 1548 Catule,
781 1457 970 1554 pollicitus',
986 1455 1030 1529 ‘se

63 1573 118 1649 ius.
138 1573 264 1664 civile,
282 1571 375 1671 quod
393 1594 480 1643 nunc
507 1568 659 1641 diffusum
686 1588 720 1643 et
746 1569 935 1667 diffipatum
957 1569 1030 1661 est,

64 1683 102 1757 in
123 1705 215 1757 certa
236 1705 356 1780 genera
370 1679 597 1763 »coacturum
617 1695 651 1750 et
676 1679 717 1750 ad
735 1696 839 1751 artem
863 1677 1030 1755 facilene.

61 1795 245 1866 dadanum.
278 1793 324 1863 Et
349 1787 508 1887 quidem,
533 1786 643 1883 inquit
674 1787 834 1875 Catillus,
859 1789 1031 1887 haudquaa
1051 1823 1099 1877 ¹45

62 1929 165 2001 quam
179 1901 215 1976 id
232 1899 280 1974 esi
292 1898 423 1972 difficile
443 1892 589 1985 Crasso,
610 1895 666 1994 qui
688 1917 746 1987 et,
767 1897 862 1996 quod
877 1897 956 1971 disci
969 1925 1029 1995 po·

62 2011 126 2084 tuit
154 2012 199 2083 de
222 2010 314 2100 ime,
340 2004 478 2087 didicit:
497 2020 553 2095 et,
578 2005 671 2103 quod
694 2003 757 2096 iis,
783 2007 842 2104 qui
862 2031 939 2080 eum
963 2010 1028 2082 do-

63 2130 206 2194 cuerunt
219 2173 231 2210 ,
244 2117 369 2202 defuit,
387 2113 454 2212 ipse
475 2114 590 2189 afferet
603 2142 615 2203 ;
627 2134 689 2204 ut,
709 2141 794 2215 quae
816 2117 879 2192 sint
891 2119 927 2192 in
938 2119 1031 2206 iure,

61 2230 118 2302 vel
148 2247 226 2326 apte
257 2225 465 2314 describere,
499 2225 555 2299 vel
589 2250 706 2300 ornate
736 2226 892 2301 illustrare
921 2229 1031 2324 podir.

62 2341 156 2437 Ergo
180 2337 265 2427 isla,
289 2335 398 2433 inquit
420 2332 614 2422 Antonius,
636 2355 709 2406 tum
730 2358 750 2405 a
779 2333 897 2409 Crasso
923 2335 1030 2408 disc'e·

63 2469 160 2534 mus,
186 2467 263 2516 cnm
288 2439 386 2513 sede
415 2441 515 2525 ,turba
545 2459 579 2513 et
610 2465 631 2511 a
662 2440 817 2514 subselliis
839 2441 875 2512 in
902 2443 1030 2535 otium,

62 2557 89 2656 (¹
96 2577 132 2631 ut
157 2556 284 2655 cogitat
292 2536 514 2652 {soliumque
535 2553 723 2627 contulerit.
748 2557 819 2648 lam
840 2555 875 2629 id
896 2557 1030 2655 quidem
1050 2585 1096 2637 ¹44

64 2660 160 2767 saepe
172 2722 184 2756 ,
198 2665 315 2767 inquit
333 2665 493 2755 Catulus,
513 2689 556 2737 ex
571 2689 614 2738 eo
632 2664 770 2758 audivi,
788 2688 866 2755 cunr
886 2669 1031 2764 diceret,

61 2781 123 2854 fibi
141 2799 271 2854 certum
288 2778 354 2852 esse
368 2833 381 2869 ,
393 2802 413 2852 a
426 2778 557 2853 iudiciis
576 2779 739 2878 caufi-sque
758 2780 1030 2875 discederetsed,

63 2903 102 2960 ut
125 2885 189 2982 ipfi
214 2885 306 2958 soleo
333 2883 470 2974 dicere,
492 2907 562 2956 non
583 2883 708 2959 licebit.
733 2910 841 2984 neque
857 2887 949 2959 enim
961 2888 1030 2985 ipse

62 2994 339 3069 auxiliumsuum
366 2995 459 3093 saepe
494 3021 517 3069 a
540 2997 621 3072 viris
642 2997 740 3077 bonis
761 2998 880 3072 frustra
909 2999 1031 3098 implo-

60 3107 131 3181 rari
153 3107 298 3203 patietur
309 3159 321 3196 ,
338 3130 446 3202 neque
471 3106 507 3179 id
527 3132 635 3206 aequo
650 3108 764 3181 animo
784 3108 872 3180 feret
890 3109 1033 3189 civitase

59 3243 149 3316 quae
170 3217 196 3288 st
218 3242 308 3291 voce
336 3219 373 3289 L
400 3217 505 3290 Craffi
531 3217 686 3307 carebit,
715 3237 914 3293 ornamento
939 3245 1029 3320 quo.
1058 3239 1062 3249 ·

62 3328 143 3400 dam
170 3325 236 3401 sese
262 3325 446 3422 spoliatam⁴
459 3327 599 3423 putabit.
647 3326 734 3398 Nam
763 3326 893 3427 hercle,
921 3329 1029 3428 inquit

62 3438 248 3526 Antonius,
261 3437 286 3507 st
298 3437 381 3509 haec
394 3460 475 3508 vere
492 3461 516 3520 a
529 3435 649 3507 Catulo
671 3436 755 3509 dida
767 3436 864 3529 sunt,
882 3441 944 3513 tibi
957 3465 1029 3511 me-

62 3570 144 3616 cum
162 3544 199 3615 in
218 3545 342 3645 ¹eodem
358 3544 405 3616 est
426 3544 589 3642 pistrino,
615 3545 1030 3636 Crasse‚·vivendi1m:et

61 3653 159 3726 istam
177 3655 370 3729 oscitantem
392 3673 426 3727 et
447 3655 684 3728 dormitantem
706 3656 894 3752 sapientiam
908 3655 1029 3745 ,Scae-
1085 3720 1088 3725 .

61 3767 225 3842 volatum
250 3785 283 3838 et
298 3773 488 3855 ceterorum
508 3767 683 3843 beatorum
706 3763 1028 3843 otioconcedanue

795 3864 865 3957 ,14
