2302 4304
398 300 727 373 LIBERlL
973 330 1036 406 105
1130 247 1135 254 ·

75 457 189 555 quanti
210 457 356 536 hominis
383 458 418 531 in
445 461 611 554 dicendo,
624 450 730 562 'putas
756 463 819 538 elle
833 489 848 554 ,·
867 464 1037 543 historiam
1074 546 1078 553 ,

75 576 244 650 scrihere?
264 579 320 669 Si,
334 598 372 654 ut
389 579 509 652 Gtaeci
528 579 746 675 scripserunt,
772 579 889 652 stnmni
903 635 914 669 ,
930 581 1038 679 inquit
1112 608 1115 613 ·

75 692 232 786 Catulus:
252 693 329 765 siut
343 691 447 763 nostri
459 691 575 781 ,nhil
594 715 679 788 opus
703 691 750 783 est
777 710 909 764 oratore
930 717 939 762 ε
962 694 1035 769 saris

74 797 141 889 est,
164 825 235 882 non
257 799 322 874 effe
348 801 551 874 mendacem.
581 802 709 900 Atqui,
728 827 769 874 ne
797 801 927 874 nostros
950 827 1034 876 con·

72 928 217 1002 tenmas,
243 913 351 1011 inquit
377 913 565 1002 Antonius,
591 913 711 985 Graeci
725 937 859 1012 quoque
883 914 926 987 src
938 914 1034 987 initio

70 1017 319 1115 scriptitarunt,
341 1038 378 1092 ut
401 1020 512 1094 noster
536 1023 645 1113 Cat0,
669 1043 707 1097 ut
733 1026 863 1112 Piclor,
888 1048 925 1098 ut
948 1026 1033 1100 Piso.

68 1128 156 1220 Erat
169 1127 261 1201 enim
283 1125 418 1202 historia
444 1129 527 1200 nihil
546 1130 657 1221 aliud,
679 1132 740 1216 nist
757 1112 921 1204 armalitim
948 1158 1034 1206 con·
1053 1163 1083 1213 52

69 1237 197 1310 feffio:
222 1238 316 1314 cuius
346 1237 419 1328 rei,
441 1241 688 1339 memoriaeque
703 1242 859 1340 publicae
886 1245 1033 1318 retinen·

68 1345 129 1419 dae
156 1346 251 1419 causa
263 1400 275 1436 ,
298 1347 340 1422 ab
365 1345 471 1418 initio·
486 1374 598 1421 rerum
613 1351 845 1423 Romanarum
866 1352 967 1450 usque
990 1354 1032 1427 ad

66 1455 102 1526 P.
125 1454 298 1544 Mucium,
326 1452 521 1552 pontificem
546 1457 742 1548 maximum,
760 1459 819 1533 'res'
832 1486 947 1534 omnes
965 1461 1031 1533 lin·

65 1569 222 1667 gulorum
237 1595 400 1642 armorum
422 1572 596 1644 mandabat
622 1572 724 1644 literis
747 1573 897 1669 pontifex
924 1573 1030 1644 maxi-
1098 1598 1103 1610 ·

62 1706 162 1771 mus,
190 1678 465 1778 efferebatquein
491 1681 626 1772 album,
648 1698 681 1752 et
705 1683 915 1778 proponebat
933 1682 1029 1753 tabu·

62 1791 129 1862 lam
149 1793 269 1884 domi,
290 1793 432 1890 potestas
453 1811 491 1867 ut
515 1794 594 1867 effer
621 1795 750 1891 populo
782 1794 1000 1892 cognoscendi
1018 1814 1030 1874 ;

62 1894 110 1985 ii,
137 1897 198 1994 qui
227 1899 326 1968 etiam
340 1959 344 1967 .
359 1924 449 1972 nunc
482 1898 610 1971 annales
640 1897 774 1970 maximi
807 1899 1029 1970 nominantur.

62 2001 163 2073 Hanc
188 1999 428 2080 sunilitudinem
442 2002 604 2077 scribendi
623 2004 718 2076 multi
740 2004 842 2077 secuti
861 2005 934 2076 fitnt
945 2058 958 2094 ,
971 2005 1028 2104 qui
1048 2023 1080 2076 5³
1128 2028 1133 2038 ’

59 2110 126 2182 fine
150 2100 226 2183 ullis
250 2113 449 2184 ornamentis
474 2132 688 2185 monumenta
702 2111 808 2185 solum
822 2130 1029 2208 temporum,

58 2222 261 2312 hominum,
283 2224 465 2314 locorum,
495 2224 720 2323 gestarumque
744 2247 856 2294 rerum
870 2218 1028 2319 *relique-

59 2348 147 2404 runt.
175 2335 289 2431 ltaque
308 2336 411 2431 qualis
427 2336 514 2433 apud
536 2338 684 2406 Graecos
701 2333 932 2428 Pherecydes,
947 2332 1029 2405 Hel·

59 2443 212 2535 lanicuS,
235 2447 378 2521 Acusilas
405 2447 487 2537 fuit,
516 2446 635 2542 aliique
660 2442 843 2540 permulti3
870 2442 939 2512 talis
963 2465 1028 2514 no·

60 2548 125 2622 ster
148 2553 265 2644 Cat0,
289 2579 322 2629 et
348 2557 483 2647 Pictor,
505 2573 538 2626 et
564 2554 662 2643 Pis0‚
688 2552 746 2649 qui
767 2576 871 2649 neque
894 2567 1027 2644 tenent,
1113 2622 1115 2628 .

60 2663 181 2760 quibus
200 2668 299 2741 rebus
318 2688 455 2741 ornatur
479 2668 614 2757 oratio,
634 2664 755 2766 (modo
772 2665 861 2738 enim
883 2665 948 2737 huc
969 2664 1029 2737 ista
1061 2741 1065 2747 ,

60 2770 134 2846 sunt
151 2775 330 2873 importata
342 2775 373 2876 ,)
400 2800 456 2868 et,
475 2778 554 2850 d'um
574 2777 788 2875 intelligatur,
808 2775 887 2873 quid
902 2776 1027 2876 dicant,

59 2911 160 2959 unam
183 2890 314 2962 dicendi
332 2891 463 2963 laudem
489 2907 603 2986 putant
622 2889 686 2962 elle
704 2889 912 2961 brevitatem.
940 2888 1025 2959 Pau·
1044 2905 1075 2956 54

56 2997 162 3070 lulum
183 2999 215 3072 se
230 2999 353 3089 erexit,
378 3017 412 3071 et
423 2999 547 3070 addidit
564 2998 717 3070 historiae
730 2997 891 3069 maiorem
907 2996 1024 3069 sonum
1086 3020 1089 3032 Χ

11 3181 14 3187 ,
54 3108 155 3180 vocis
175 3109 230 3183 vir
246 3109 416 3205 optimus,
438 3108 542 3180 Craffi
562 3108 744 3197 familiariS,
769 3107 949 3202 Antipater.
968 3132 1025 3182 ce·

45 3220 125 3292 “teri
152 3245 223 3292 non
244 3238 457 3294 exornatores
483 3247 611 3310 rerum,
634 3218 933 3293 sedtanttnnmodo
946 3244 1025 3290 nar-

52 3345 184 3401 ratores
207 3328 349 3418 fuerunt.
388 3328 460 3419 Est,
485 3329 592 3426 inquit
614 3327 773 3416 Catulus,
795 3344 832 3398 ut
849 3325 937 3400 dicis.
968 3328 1024 3403 sed
1045 3347 1084 3421 13
1123 3425 1127 3435 1

54 3437 125 3510 iste
138 3440 207 3536 ipse
227 3441 363 3535 Coelius
384 3467 491 3540 neque
518 3440 661 3512 distinxit
681 3441 848 3514 historiam
865 3446 1025 3517 varietate

54 3547 239 3634 locorum;
265 3575 372 3647 neque
397 3551 578 3622 verborum
596 3549 840 3641 collocatione,
867 3570 900 3623 et
919 3554 1022 3622 traclu
1076 3575 1080 3580 ·

53 3650 219 3730 orationis
231 3657 296 3729 leni
310 3676 344 3734 et
362 3659 523 3759 aequabili
543 3661 721 3758 perpolivit
738 3662 818 3732 illud
841 3685 925 3755 opus
940 3685 951 3743 3
966 3659 1021 3732 sed
1105 3673 1109 3684 '

50 3785 92 3843 ut
112 3767 219 3842 homo
243 3796 350 3873 neque
387 3773 526 3858 doctus,
556 3798 663 3871 neque
692 3774 834 3848 maxime
848 3785 850 3789 '
864 3787 957 3867 aptus
978 3770 1019 3844 ad
