2302 4304
361 315 692 389 LIBERII.
907 330 1023 407 .¹¹7

62 479 183 571 etiam,
216 477 309 553 srvit
325 503 460 578 quoqte
478 479 561 552 mihi
578 480 685 552 bonus
706 471 893 561 videbitur,
927 467 1025 542 obse-

62 593 173 663 crabo.
198 609 327 666 tantum
350 615 416 690 ego
430 594 465 662 in
478 592 657 663 excellente
671 607 824 674 oratore,
848 606 881 656 et
902 583 1024 654 eodem

63 698 137 770 viro
162 697 277 789 bono,
299 724 394 797 pono
409 701 474 772 elle
492 699 681 772 ornamenti
694 693 865 770 universae
884 690 1027 766 civitati.

63 807 116 878 Sin
137 809 329 900 videbitur,
362 835 437 883 cum
461 811 576 881 omnia
598 808 725 883 summa
742 805 887 894 fecerit,
914 822 1025 880 tamen

63 916 101 986 ad
113 917 302 992 mediocres
316 925 466 990 oratores
480 917 544 990 effe
559 938 732 992 venturus:
758 911 1026 1010 permittamipst,
1127 962 1131 969 ·

62 1025 139 1121 quid
162 1026 273 1112 velit,
293 1025 447 1103 molestus
460 1051 664 1125 magnopere
681 1049 750 1097 non
761 1047 834 1096 ero.
880 1020 937 1090 Sin
954 1021 1025 1118 pla·
1062 1102 1068 1116 .

63 1162 102 1206 ne
123 1138 340 1228 abhorrebit,
356 1139 464 1210 eterit
479 1138 633 1210 absurdus
648 1154 705 1209 :ut
722 1135 754 1208 se
772 1133 959 1224 contineat,
969 1153 1025 1208 aut

62 1247 102 1317 ad
116 1248 207 1319 aliud
214 1247 356 1320 studitun
363 1247 551 1338 transferat,
560 1248 760 1321 admonebo
769 1247 856 1318 Nam
867 1271 974 1344 neque
984 1248 1023 1337 is,
1041 1265 1072 1322 86

61 1360 117 1456 qui
133 1360 262 1456 optime
276 1358 397 1456 potest,
409 1359 604 1435 deserendus
618 1362 685 1434 ullo
700 1361 803 1433 modo
814 1358 859 1431 est
873 1361 1024 1433 acohor-

61 1475 186 1547 tatione
199 1473 311 1548 nostra
317 1476 712 1575 ,nequeis,quialiquid
723 1464 846 1574 potest,
857 1476 1024 1549 deterren-

61 1584 137 1655 dus.
139 1584 242 1682 quod
250 1583 402 1671 alterum
409 1584 590 1658 divinitatis
602 1584 685 1655 mini
699 1585 865 1657 cuiusdam
876 1585 1024 1657 vtdetur

61 1691 212 1783 alterum,
226 1691 281 1764 vel
291 1715 361 1762 non
373 1678 501 1778 facere,
508 1692 610 1789 quod
619 1716 687 1764 non
696 1691 823 1788 optime
836 1690 952 1787 pollis,
966 1692 1023 1765 vel

58 1802 185 1895 facere,
198 1805 291 1902 quod
306 1829 376 1876 non
389 1804 522 1902 pelltme
533 1803 644 1894 factas,
651 1805 877 1879 humanitatis
887 1805 1021 1877 tertium

59 1943 144 1990 vero
156 1917 251 2007 illud,
262 1916 401 1991 clamare
414 1936 639 2015 contraquam
653 1919 776 2007 deceat,
790 1938 823 1994 et
836 1920 1026 2018 quampos-¹

59 2030 114 2119 sis,
125 2031 273 2103 hominis
286 2030 346 2117 est,
360 2050 396 2104 ut
413 2050 449 2104 tu
461 2085 472 2121 ,
484 2032 622 2123 Catule,
635 2032 676 2104 de
693 2035 838 2132 quodam
858 2036 1021 2108 declama-

58 2160 132 2211 tore
145 2138 267 2230 dixisti,
279 2140 429 2214 stultitiae
444 2142 516 2215 suae
526 2170 624 2242 quam
634 2145 796 2241 plurimos
804 2143 897 2218 testes
907 2146 1020 2216 dome·

58 2253 140 2326 llico
160 2255 342 2355 praeconio
364 2256 554 2354 colligentis.
586 2258 643 2330 De
655 2256 721 2329 hoc
735 2257 861 2352 igitur,
879 2255 936 2350 qni
957 2252 1019 2358 erit
1037 2273 1072 2339 ιγ

57 2361 201 2452 talis,ut
225 2362 449 2449 cohortandus
467 2367 735 2462 adiuvandusque
762 2366 819 2451 stt,
833 2364 877 2435 ita
899 2365 1019 2459 loqua·
1061 2399 1063 2403 v

59 2495 158 2558 mur,
188 2487 226 2540 ut
244 2495 276 2540 et
266 2470 455 2542 tradamus
482 2496 522 2540 ea
547 2472 731 2555 duntaxat,
755 2495 838 2568 quae
864 2493 926 2542 nos
946 2468 1021 2542 usus

61 2581 200 2670 docuit,
221 2600 258 2653 ut
279 2583 375 2654 nobis
397 2581 538 2653 ducibus
547 2600 661 2655 vemat
682 2606 746 2671 eo,
768 2607 837 2680 quo
850 2581 917 2653 stne
935 2582 1019 2655 duce

59 2675 129 2783 ipsi
128 2691 363 2785 pervenimus,
388 2691 547 2788 quoniam
560 2689 709 2763 meliora
716 2693 837 2767 docete
858 2718 926 2764 non
940 2691 1017 2789 pos-

59 2799 180 2893 timtus.
240 2803 375 2897 Atque,
402 2823 482 2873 uta
517 2799 668 2873 familiari
692 2802 806 2874 nostro
837 2803 1108 2888 exordiar;21.

59 2911 146 2982 hunc
164 2935 251 3008 eg0,
277 2911 417 2997 Catule,
440 2910 643 3007 Sulpicium,
670 2910 838 3009 (primum
864 2911 898 2981 in
924 2911 1017 2991 causa
1035 2936 1066 2988 ss

57 3021 197 3115 parvula
219 3020 493 3096 adolescentulum
514 3020 666 3121 atrdivi,)
695 3049 806 3113 voce,
831 3009 867 3097 et·
883 3024 990 3095 forma
1006 3075 1023 3110 ,

56 3152 92 3199 et
106 3151 202 3201 motu
226 3130 399 3226 corporis,
432 3152 465 3202 et
481 3131 614 3228 reliquis
638 3132 734 3204 rebus
754 3149 867 3228 aptum
889 3132 1018 3205 adhoc

56 3265 192 3328 munus,
210 3240 251 3312 de
265 3265 335 3337 quo
349 3240 550 3337 quaerimus,
568 3241 721 3314 oratione
742 3260 852 3314 autem
870 3244 974 3334 celeri
984 3267 1018 3317 et
1131 3272 1134 3279 ¹

58 3349 244 3437 concitata,
272 3347 381 3446 (quod
398 3367 469 3421 erat
486 3349 657 3448 ingenii:)
683 3369 716 3424 et
735 3353 845 3426 verbis
858 3353 1017 3439 effervet,

59 3463 232 3545 centibus,
245 3481 279 3533 et
291 3464 389 3558 paulo
405 3463 542 3534 nimium
557 3463 836 3556 redundantibus,
861 3465 967 3567 (quod
981 3494 1018 3538 e·
1033 3452 1035 3457 ¹
1068 3506 1072 3515 ·

58 3588 112 3640 rat
126 3570 284 3668 aetatisz)
308 3567 377 3643 non
400 3571 469 3641 sum
496 3570 692 3667 aspernatus.
717 3574 807 3646 Volo
821 3578 908 3653 enim
923 3577 955 3646 se
972 3574 1018 3643 ef-

55 3679 168 3751 ferat
160 3707 194 3749 m
213 3679 417 3754 adolescente
439 3681 652 3757 foecunditas.
678 3711 753 3756 nam
774 3685 918 3767 facilius,
936 3685 1022 3757 ficut

55 3788 93 3863 in
118 3790 261 3896 vitibus,
283 3810 485 3869 revocantur
506 3817 570 3888 ea,
592 3820 676 3894 quae
695 3794 759 3872 sese
777 3795 917 3969 ἓΙὶιιιὶιιιιι
937 3816 1023 3890 pto

1038 3970 1053 4015 t
