2302 4304
137 246 206 384 ξω.
376 266 880 382 uiolatione.
988 271 992 276 ’

134 473 222 543 Nam
240 469 431 559 clementia,
453 469 596 560 iustitia,
623 456 826 568 benignitas,
852 468 950 560 fides,
963 470 1095 545 fortitu:

135 583 182 653 do
208 583 243 652 in
265 581 416 677 periculis
440 583 697 671 communibus,
725 580 865 654 iucunda
898 580 944 653 est
980 585 1097 655 auditu

75 711 121 763 344
135 692 170 763 iu
194 692 463 764 laudationibus:
496 716 616 763 omnes
649 690 739 763 enim
772 690 833 762 hae
862 690 1003 766 virtutes
1025 717 1094 764 non

135 821 200 874 tam
236 804 335 902 ipsu,
372 804 431 902 qui
463 829 516 876 eas
541 806 576 875 in
602 803 634 876 se
669 803 810 891 habent,
844 827 943 900 quam
985 804 1095 901 generi

137 911 330 1001 hominum,
364 912 544 997 frutluosae
570 931 736 1010 putantur.
770 911 934 1008 Sapientia
952 930 988 986 et
1002 937 1095 1009 mag-

138 1020 255 1093 nitudo
279 1023 405 1111 animi,
436 1048 500 1120 qua
525 1048 642 1096 omnes
663 1047 716 1095 res
741 1022 900 1093 humanae
927 1041 1041 1096 tenues
1062 1038 1096 1093 et

49 1212 53 1218 ,
138 1154 203 1226 pro
224 1131 327 1203 nihilo
355 1149 530 1226 putantur:
559 1156 592 1204 et
618 1131 653 1203 in
674 1130 896 1228 excogitando
920 1131 973 1203 vis
997 1153 1096 1228 quae-

55 1288 57 1292 ι
139 1241 215 1313 dam
246 1240 395 1337 ingenii,
424 1265 458 1312 et
486 1241 554 1337 ipsa
566 1239 776 1337 eloquentia,
800 1239 1023 1312 admitationia
1037 1239 1096 1310 ha-

139 1352 196 1424 bet
228 1375 298 1421 non
328 1349 459 1439 minus,
497 1349 707 1422 iucunditatis
734 1349 842 1422 minus
863 1377 884 1446 τ’,
898 1350 989 1446 ipsos
1009 1350 1096 1421 enim

139 1462 243 1556 magis
266 1459 419 1546 videtur,
447 1484 533 1556 quos
560 1458 748 1550 laudamus,
763 1463 869 1558 'quam
893 1457 994 1548 illos,
1013 1456 1101 1554 apud*

139 1591 225 1664 quos
259 1566 455 1655 laudamus,
492 1589 612 1637 ornare
639 1590 678 1637 ac
708 1567 801 1637 tueri.
841 1565 905 1638 Sed
925 1564 1098 1637 tamenin

139 1669 305 1745 laudando
338 1669 499 1769 iungenda
524 1670 598 1742 sunt
616 1670 717 1742 'etiam
745 1673 826 1744 haec
849 1695 971 1770 genera¹
993 1671 1098 1745 viru·
1121 1757 1123 1761 y

141 1798 223 1850 tum.
250 1775 358 1850 fetum
377 1777 467 1850 enim
494 1803 587 1850 autes
602 1779 800 1874 hominum,
820 1805 898 1852 cum
923 1779 978 1853 illa
991 1834 1002 1870 ‚
1017 1803 1099 1878 quae

142 1888 301 1975 iucunda,
325 1908 493 1993 etugrata‚
516 1914 590 1964 tum
610 1891 709 1963 etiam
733 1893 808 1983 illa,
834 1918 917 1990 quae
939 1893 1100 1981 mirabilia

83 1991 216 2090 851sunt
232 2002 275 2090 in
296 2002 446 2093 virtute,
468 2002 602 2075 laudari.
650 2008 692 2076 Et
720 2005 877 2101 quoniam
903 2004 1100 2104 fingularum

80 2129 125 2180 ³45
143 2115 305 2189 virtutum
331 2115 405 2189 sunt
439 2138 528 2189 certa
553 2117 712 2214 quaedam
740 2118 851 2190 officia
873 2143 913 2191 ac
941 2143 1099 2206 munera,

142 2244 176 2299 et
199 2226 253 2300 sua
276 2224 395 2325 cuique
419 2227 535 2300 virtuti
556 2228 623 2300 laus
639 2229 775 2325 propria
793 2229 953 2319 debetur,
978 2229 1042 2302 erit
1050 2255 1103 2302 ex-

143 2336 333 2433 plicandum
361 2339 396 2410 in
421 2339 515 2411 laude
534 2338 687 2429 iustitiae,
704 2340 790 2438 'quid
818 2367 895 2413 cum
914 2338 1000 2427 fide,
1024 2343 1115 2438 quid.

143 2469 220 2515 cum
245 2447 489 2543 aequabilitate,
508 2447 588 2544 quid
607 2474 683 2521 cum
692 2446 852 2519 eiusmodi
865 2447 977 2546 aliquo
988 2449 1101 2521 officio

144 2555 184 2643 is,
195 2556 256 2651 qui
267 2557 475 2647 laudabitur,
495 2557 620 2631 fecerit.
646 2562 792 2654 Itemque
806 2557 975 2630 inceteris
988 2583 1102 2656 res-ge

144 2667 210 2738 stae
248 2667 290 2736 ad
315 2666 473 2762 cuiusque
492 2667 777 2762 virtutistgenum
802 2681 835 2736 et
857 2664 954 2751 vim,
980 2682 1014 2738 et
1039 2689 1101 2736 no·

83 2787 130 2854 346
146 2798 223 2845 men
244 2773 594 2846 accommodabuntur.
622 2773 811 2847 Gratiffima
825 2788 944 2845 'atatem
964 2773 1034 2846 laus
1050 2797 1103 2846 eo·

146 2908 222 2958 rum
236 2883 405 2957 saelorum
432 2885 597 2974 habetur,
627 2885 881 2982 quae*·suscepta
905 2885 1102 2961 videntura

146 2995 228 3068 viris
249 2994 390 3069 fortibus
415 2995 482 3068 fine
511 2994 797 3069 emolumento-ac
815 2996 966 3092 praemio
988 3023 997 3068 ε
1023 3020 1105 3094 quae

147 3130 232 3179 vero
255 3106 354 3183 etiam
370 3128 445 3178 cum
470 3104 583 3176 labore
605 3104 638 3176 et
659 3107 809 3201 periculo
832 3106 1008 3203 ipsorum,
1027 3107 1108 3178 haec

146 3215 270 3288 habent
300 3214 503 3288 uberrimam
532 3212 664 3308 copiam
695 3212 736 3285 ad
762 3214 988 3300 laudandum3
1015 3211 1109 3311 quod

147 3344 181 3395 et
201 3322 266 3394 dici
292 3322 494 3395 ornatiffime
508 3320 649 3417 potsunt
663 3374 680 3409 ,.
696 3337 729 3390 et
746 3319 852 3392 audiri
873 3318 1038 3391 facillime.
1061 3321 1110 3394 Ea

148 3425 240 3508 enim
255 3433 397 3529 denique
421 3433 527 3506 virtus
556 3430 620 3503 effe
637 3429 778 3504 ‚videtur
802 3426 995 3525 praestantis
1020 3426 1110 3516 viri,

149 3568 233 3642 quae
257 3542 304 3631 est
328 3542 491 3615 frueluosa
517 3541 609 3626 aliis,
636 3539 695 3637 ipfi
714 3559 823 3613 autem
847 3538 1032 3626 laboriosa,
1052 3551 1108 3608 aut

150 3645 358 3747 periculosa,
383 3669 439 3722 aut
460 3670 558 3722 -certe
595 3647 742 3746 gratuita.
780 3651 902 3744 Magna
929 3646 1030 3719 etiam
1055 3644 1110 3715 illa

152 3761 242 3846 laus,
268 3776 303 3832 et
323 3757 520 3834 admirabilis
545 3759 654 3837 videri
677 3759 784 3851 solet,
809 3757 914 3833 ulisse
941 3757 1032 3834 casus
1058 3753 1111 3836 sae

68 3924 130 4016 ,ι
195 3948 199 3954 ,
