2304 4304
372 300 626 404 'trouu
676 316 821 386 m«
939 341 1025 407 ‚201

64 472 250 567 Aristides,
286 475 481 575 Agesilaus,
520 477 791 573 Epaminondas,
830 476 1029 577 Philippus,

63 587 263 676 Alexander,
290 586 408 684 aliique
440 587 636 658 laudantur:
659 585 787 658 nostrae
803 586 1029 682 laudationes,

24 686 27 691 ¹
63 698 186 794 quibus
211 698 245 769 in
269 695 350 769 soro
373 697 524 786 utimur,
542 713 597 768 aut
619 696 800 770 testimonii
829 696 1027 772 brevitatem

64 807 189 884 habeut
204 798 339 882 ‘nudam
355 827 453 908 atque
476 811 687 901 inornatam,
710 829 767 885 aut
788 812 973 885 scribuntur
987 814 1030 885 ad

65 917 239 991 funebrem
268 918 505 1013 concionem,
532 946 617 1018 quae
633 921 685 992 'ad
702 920 873 999 orationis
898 920 1029 992 laudem

67 1033 205 1106 'minime
237 1036 490 1109 accommodata
513 1033 583 1106 est.
622 1034 697 1106 Sed
712 1051 844 1120 tamen,
870 1032 1030 1129 quoniam

67 1143 112 1215 est
145 1147 305 1218 utendtun
332 1147 535 1245 aliquando,
563 1169 802 1243 nonnunquam
825 1146 926 1216 etiam
949 1145 1030 1216 scri-

66 1256 238 1353 bendum,
262 1259 353 1335 velut
374 1261 409 1330 P.
430 1255 604 1330 Tuberoni
620 1255 813 1329 Africanum
829 1255 1030 1360 avunculum
1057 1264 1060 1270 '
1107 1262 1110 1269 '

67 1365 210 1442 laudanti
233 1370 359 1469 scripsrt
380 1371 421 1444 C.
441 1369 587 1461 laelius,
605 1369 661 1444 vel
680 1382 718 1440 ut
739 1366 952 1463 nosmetipsi,
969 1393 1028 1440 or-

66 1484 165 1556 nandi
186 1485 306 1575 causa,
333 1487 540 1557 Graecorum
563 1505 683 1571 more,
705 1479 728 1551 st
755 1506 841 1578 quos
865 1479 1029 1568 velimus,

64 1585 195 1661 laudare
214 1590 373 1686 possimus
385 1617 397 1678 3
428 1592 467 1663 srt
492 1616 511 1663 a
538 1590 634 1663 nobis
663 1613 799 1687 quoque
828 1591 980 1662 tractatus
1002 1588 1030 1661 is
1057 1582 1073 1595 ²

64 1693 168 1770 locus.
203 1699 415 1796 Perspicuum
444 1697 491 1770 est
516 1700 634 1797 igitru,
661 1697 723 1767 alia
748 1696 812 1768 else
835 1698 870 1768 in
894 1696 1030 1774 homine
1047 1727 1095 1780 34²

23 1846 27 1855 ·
65 1806 232 1900 optanda,
259 1807 321 1879 alia
353 1808 523 1880 laudanda.
577 1811 717 1896 Genus,
751 1807 884 1893 sorma,
918 1810 1031 1898 vires,

65 1940 173 2012 opes,
202 1917 364 2008 divitiae,
399 1937 574 2017 ceteraque
596 1944 680 2017 quae
709 1918 843 1992 fortuna
870 1921 947 2009 det,
977 1937 1041 1999 aut,

66 2027 290 2119 extrinsecris,
314 2046 370 2101 aut
396 2032 556 2127 corpori,
579 2057 649 2104 non
666 2031 789 2106 habent
807 2032 841 2103 in
863 2032 1032 2105 severam

12 2156 14 2162 '
65 2138 219 2227 laudern3
247 2166 331 2238 quae
354 2141 467 2213 deberi
488 2142 603 2215 virtuti
629 2144 687 2214 uni
714 2161 849 2240 putatur
872 2144 962 2215 :sed
984 2162 1033 2215 ta·
1094 2182 1096 2187 v

17 2288 23 2295 ·
65 2276 168 2336 men,
198 2253 292 2348 quod
319 2251 387 2349 ipsa
421 2251 527 2326 virtus
550 2252 585 2323 in
617 2278 730 2324 earum
761 2263 874 2323 rerum
909 2250 968 2322 usu
995 2276 1033 2322 ac
1089 2300 1092 2307 «

60 2349 297 2430 moderatione
325 2360 472 2441 maxime
502 2361 672 2448 cernitur,
696 2359 863 2431 tradenda
880 2359 981 2429 etiam
998 2359 1034 2428 in

63 2455 305 2542 laudationibus
330 2470 411 2542 haec
438 2471 512 2542 sunt
533 2486 668 2540 naturae
693 2485 727 2540 et
746 2464 901 2538 ¹fortunae
920 2466 1034 2538 bona:

63 2581 95 2652 in
119 2580 242 2678 quibus
263 2579 310 2653 est
331 2581 456 2653 summa
486 2580 585 2669 laus,
607 2604 677 2651 non
698 2577 843 2652 exudilse
861 2577 893 2651 se
908 2577 944 2649 in
969 2602 1036 2674 po·

62 2688 201 2780 testate,
234 2716 304 2762 non
335 2690 708 2769 suisse'insolentemin
732 2689 893 2788 pecunia,
915 2712 984 2760 non
1001 2686 1033 2759 se

64 2795 252 2892 praetulisse
281 2797 351 2871 aliis
376 2816 515 2896 propter
542 2798 775 2893 abundantiam
804 2798 977 2885 fortunae3
996 2815 1034 2871 ut

63 2931 146 3003 opes
168 2928 203 2980 er
227 2907 346 3003 copiae
365 2933 436 2981 non
454 2909 623 3005 superbiae
640 2911 814 2985 videantur
832 2936 870 2982 ac
889 2911 1034 3002 libidini,

62 3019 117 3090 sed
150 3019 294 3092 bonitati
321 3045 360 3092 ac
390 3021 615 3094 moderationi
649 3022 836 3094 facultatem
864 3041 897 3093 et
927 3040 1034 3095 mate·

61 3128 147 3198 riam
174 3120 310 3202 dediffe.
344 3134 459 3204 Virtus
482 3151 618 3224 autem,
641 3132 801 3231 quaeest
823 3159 882 3229 per
908 3134 940 3216 se
966 3133 1034 3232 ipsa
1051 3174 1095 3226 343

60 3235 249 3328 laudabilis,
279 3256 313 3310 et
341 3237 407 3310 stne
431 3266 496 3338 qua
524 3243 606 3313 nihil
625 3242 755 3313 ⁴laudari
777 3240 907 3339 potest,
925 3249 1034 3340 tamen
1103 3259 1111 3283 ¹

60 3346 163 3422 habet
185 3351 296 3446 plures
321 3344 451 3449 par'res3
479 3379 619 3452 quarum
653 3354 715 3426 alia
739 3353 850 3427 estad
872 3352 1035 3429 laudatio-

43 3471 141 3533 ‘nem
168 3465 289 3561 aptior.
336 3469 417 3539 Sunt
445 3469 534 3544 enim
556 3469 636 3542 aliae
661 3470 826 3564 virtuter,
860 3499 944 3572 quae
976 3474 1032 3546 vi·

60 3571 186 3645 dentur
205 3577 240 3647 in
265 3578 415 3650 moribus
435 3579 633 3671 hominum,
652 3600 686 3658 et
711 3584 852 3680 quadam
866 3584 1033 3658 comitate
1061 3598 1070 3682 j

60 3707 101 3753 ac
121 3684 341 3762 beneficentia
369 3689 516 3786 positae:
539 3691 646 3780 aliae,
671 3718 756 3789 quae
780 3695 816 3765 in
834 3692 956 3791 ingenii
979 3691 1033 3765 ali·

61 3814 131 3890 qua
155 3792 332 3889 facultate,
355 3817 411 3873 aut
440 3799 541 3872 animi
573 3802 799 3900 magnitudine
826 3826 864 3876 ac
896 3802 1030 3881 robore.
1080 3880 1083 3886 ,
