2304 4304
82 297 240 398 ,3u
490 239 798 376 nnurun

169 461 253 532 fuit:
288 462 329 533 T.
360 459 500 533 Accium
531 463 766 554 Pisaurensem,
803 463 894 537 cuius
922 451 1116 536 accusationi

168 560 323 664 respondi
345 592 408 664 pro
432 574 470 639 A.
485 569 662 654 Cluenti03
687 571 796 666 quiet
817 591 969 642 accurare
982 569 1115 657 dicebat,

168 697 202 747 et
221 675 293 748 satis
312 676 466 775 copiose,
490 692 626 771 eratque
647 693 816 770 praeterea
839 676 955 748 docius'
981 675 1115 746 Herma*

167 811 268 882 gorae
291 787 495 883 praeceptis;
523 781 641 884 quibus
662 786 718 859 ersi
736 806 929 860 ornamenta
951 811 1024 859 non
1051 785 1115 859 satir

168 895 281 992 opima
305 897 456 985 dicendi,-
481 914 615 982 tamen,
641 916 678 969 ur
706 893 812 969 hastae
833 887 987 970 velitibus
1010 921 1113 969 amen

166 1017 270 1088 tatae,
295 1001 339 1074 sic
364 1021 437 1098 apta
450 997 647 1100 quaedam,
672 1022 706 1076 et
728 1028 838 1101 parata
862 997 995 1104 singuiis
1015 1006 1113 1096 causa

165 1133 239 1181 rum
261 1109 435 1208 generibus
456 1129 647 1209 argumenta
668 1109 859 1185 traduntur:
888 1111 1000 1184 studio
1012 1130 1113 1186 autem

96 1239 144 1290 272
165 1218 346 1304 neminem,
357 1247 418 1292 nec
431 1221 586 1293 industria
595 1222 720 1294 maiore
731 1222 890 1320 cognovi.
905 1225 1113 1322 Quamquam

127 1410 130 1415 ,
164 1352 207 1398 ne
230 1328 368 1424 ingenio
382 1330 516 1424 quidem
531 1330 588 1427 qui
603 1330 814 1427 praestiterit,
838 1328 933 1401 facile
957 1331 1113 1420 dixerim,

164 1438 204 1508 C.
224 1437 354 1523 Pisoni,
394 1464 517 1538 genero
552 1467 641 1513 meo.
670 1437 795 1514 nullum
821 1457 951 1536 tempus
975 1434 1024 1512 illi
1054 1468 1112 1522 une·
1147 1508 1149 1517 .

162 1572 263 1642 quam
280 1547 418 1620 vacabat
443 1570 498 1620 aur
521 1574 539 1618 a
565 1549 688 1621 sorensr
711 1544 854 1622 difflonc
866 1601 877 1634 ,
901 1565 957 1621 aut
980 1574 1000 1645 a
1024 1573 1112 1621 com*

162 1657 363 1727 mentatione
390 1650 589 1743 domestica,
616 1680 672 1730 aut
695 1684 713 1729 a
733 1650 922 1747 scribendo,
948 1676 1006 1729 aur
1024 1683 1044 1728 a
1060 1683 1112 1731 con

125 1816 128 1822 -
162 1767 311 1862 girando.
328 1767 439 1865 iraque
463 1784 573 1840 tantos
595 1759 959 1865 procesusefficiebat,
986 1785 1027 1839 ut
1039 1792 1111 1842 evo

161 1877 247 1965 lare,
279 1903 348 1950 non
369 1901 546 1952 excurrere
571 1874 749 1953 videretur.
772 1895 906 1974 eratque
930 1879 1112 1951 verborum

161 2005 194 2061 er
214 1991 356 2087 delecius
379 1992 529 2089 elegans,
554 2007 586 2062 et
610 2009 685 2088 apra
704 2011 738 2062 et
759 1989 848 2087 quasr
862 1990 1008 2062 rotunda
1027 2017 1111 2064 con*

161 2100 312 2174 siruffloz
338 2126 479 2198 cumque
503 2117 693 2198 argumenta
712 2092 984 2197 excogitabantur
1008 2099 1113 2172 abeo

160 2217 279 2301 muita,
304 2237 336 2287 er
358 2214 452 2285 firma
473 2215 514 2284 ad
537 2212 761 2308 probandum,
786 2233 858 2282 rum
875 2211 1060 2282 concinnae
1081 2237 1113 2282 a·

160 2349 321 2426 curaeque
337 2327 533 2411 sententiae3
558 2323 727 2422 gestusque
743 2335 860 2394 natura
878 2314 921 2395 ita
940 2321 1111 2413 venustus,

152 2459 196 2511 ut
214 2446 266 2514 ars
286 2441 405 2529 etiam,
431 2462 515 2536 quae
536 2461 606 2507 non
631 2454 720 2524 erat,
746 2451 780 2506 et
805 2459 822 2505 e
845 2433 1013 2528 disciplina
1035 2447 1111 2504 mo·

83 2629 90 2639 ,
158 2575 210 2626 rus
233 2551 564 2648 qrridumvvider·er11r
589 2548 753 2621 accedere.
777 2571 914 2635 vereor,
939 2571 980 2618 ne
1000 2569 1113 2618 amore

157 2662 272 2734 videar
293 2662 408 2755 plura,
428 2685 526 2756 quam
544 2658 679 2751 ¹fuerint
703 2652 738 2728 in
764 2649 842 2746 illo,-
864 2648 997 2742 dicere;
1020 2655 1110 2754 quod

70 2761 74 2782 '
157 2762 225 2842 non
248 2771 294 2840 ira
311 2760 366 2839 est}
391 2768 451 2839 alia
474 2769 562 2841 enim
586 2761 627 2840 de
649 2766 708 2839 ino
729 2768 855 2838 maiora
877 2765 945 2838 dici
960 2767 1109 2862 possunt.

40 2866 42 2869 ⁵
156 2906 233 2952 narn
255 2902 314 2950 nec
338 2878 559 2967 continentia,
583 2904 644 2950 nec
669 2878 807 2974 pietate,
831 2899 893 2946 nec
918 2875 995 2963 ullo·
1011 2901 1108 2973 gene·
1133 2866 1135 2870 ’

155 3017 192 3064 re
209 2990 337 3064 virtutis
355 3013 553 3086 quemquam
570 2988 714 3060 eiusdem
732 2986 846 3059 aetatis
864 3011 942 3057 cum
957 2975 1017 3055 illo
1036 3010 1107 3056 con-

88 3121 134 3194 79
155 3102 325 3176 serendiun
333 3118 425 3198 puto.
438 3100 508 3169 Nec
520 3122 603 3169 vero
616 3103 663 3169 M.
673 3099 828 3170 Coelium
837 3097 1108 3194 praetereundum
1146 3164 1149 3169 Δ

87 3249 133 3299 273
155 3214 316 3300 arbitror,
343 3234 555 3309 quaecunque
568 3209 637 3298 eius
657 3209 693 3280 in
711 3209 803 3280 exitu
814 3209 869 3281 vel
880 3203 1032 3297 fortuna,
1057 3202 1107 3278 vel

42 3343 45 3349 ’
155 3343 247 3390 mens
270 3319 332 3391 filit
343 3347 356 3390 1:
383 3319 442 3417 qui
468 3316 623 3419 quamdiu
649 3315 834 3389 aircioritati
860 3333 954 3387 meae
979 3315 1107 3411 paruit,

153 3423 224 3496 caiis
244 3424 392 3496 tribunus
417 3425 519 3521 piebis
546 3423 628 3513 fuir,
650 3441 686 3496 ut
712 3448 812 3495 nemo
840 3444 960 3495 contra
983 3423 1104 3498 civium

153 3532 358 3629 perditorum
374 3534 568 3628 popularem
588 3530 874 3630 turbuientamque
907 3526 1104 3620 dementiam

153 3667 172 3710 a
196 3640 304 3712 senatu
334 3660 367 3712 et
391 3665 410 3709 a
434 3641 601 3711 bonorum
621 3639 711 3710 causa
736 3640 860 3714 steterit
891 3639 1101 3724 constantius

141 3776 251 3850 ,quam
277 3753 345 3826 eius
367 3750 550 3842 aciionem,
577 3750 717 3822 multum
741 3769 852 3824 tamen
874 3767 906 3822 er
929 3747 1099 3847 splendida,
1145 3746 1149 3867 s

935 4108 942 4116 ,
