2302 4304
388 291 701 367 BRUTus
959 311 1024 387 ῃ3

63 455 122 527 bes
145 452 320 543 incarne,
359 453 416 528 vel
437 454 581 543 dicant,
616 450 690 548 plus
716 447 815 522 etiarn
833 471 934 546 quarn
960 472 1033 521 non

61 561 184 650 hebes3
203 562 259 635 sed
272 562 488 637 effervescens
507 564 543 635 in
564 562 728 650 dicendo,
745 557 916 657 stomacho
937 554 1036 657 saepe
1109 602 1114 615 ·

61 670 297 768 iracundiaque
323 671 553 747 vehementius
564 672 584 759 ;'·
598 687 636 742 ut
651 695 722 742 non
734 693 811 743 curn
842 665 1035 742 adversario

63 781 194 875 solum,
219 784 390 859 sedetiam
414 783 526 883 (quod
553 782 720 882 mirabile)
745 808 824 856 cunt
846 780 957 856 iudice
980 770 1037 878 ip?

63 891 128 981 s0‚
162 891 256 964 cuiue
268 893 424 965 delinitor
441 891 505 964 effe
527 892 626 965 debet
640 906 780 982 orator·
803 891 921 989 iurgio·
935 890 1037 989 saepo
1056 979 1060 988 ⁸

63 1004 295 1079 contenderet
344 1006 392 1078 M.
414 1001 615 1077 Messalla
571 1027 683 1076 minor
700 1021 805 1094 natu,
833 1027 935 1102 quatu
956 1024 1034 1093 nos,

64 1114 158 1185 nullo
184 1110 322 1185 modo
313 1137 437 1214 inops,
450 1111 518 1199 sed
538 1122 610 1184 non
631 1111 731 1186 nimis
757 1133 896 1187 ornante
911 1132 1036 1225 genere
1096 1136 1111 1160 -·

65 1223 270 1307 verborum
286 1222 449 1318 prudent,
472 1241 610 1310 aconis,
638 1221 777 1296 utinitne
799 1222 1037 1323 incautum&

64 1354 184 1406 tronus
200 1332 237 1403 in
261 1331 363 1405 catifis
381 1327 622 1431 cognoscendis
637 1331 951 1432 componendisque
964 1326 1060 1407 dili·

65 1466 166 1538 gens,
185 1465 297 1539 tnagm
287 1440 464 1529 laboris,
483 1439 605 1515 mtdtae
624 1464 768 1540 operae,
791 1439 1035 1540 multarumque

66 1551 247 1624 causarum.
295 1550 380 1623 Duo
401 1536 677 1642 etiamMetelli,
708 1548 806 1625 Celer
842 1563 876 1620 et
895 1548 1034 1645 Nepos,
1049 1572 1097 1624 ²⁴7

67 1661 149 1733 nihil
162 1661 197 1735 in
212 1659 313 1735 catus
330 1658 471 1749 versati,
491 1684 554 1737 nec
569 1657 637 1733 fine
653 1658 815 1758 ingenio,
834 1658 897 1731 nec
914 1658 1035 1753 indoe-

66 1773 123 1860 ti,
146 1772 214 1845 hoc
240 1787 334 1844 erant
364 1772 524 1868 popum
549 1769 681 1847 dicendi
697 1793 801 1872 genus
817 1767 961 1844 affectu
991 1768 1034 1846 Θ,

66 1900 181 1955 autem
190 1881 345 1965 Lenmlus
357 1881 585 1972 Marcelline
594 1904 671 1957 nec
684 1900 829 1979 unquam
841 1878 1035 1975 indisernu,

66 2009 102 2064 et
115 1991 152 2063 in
164 1990 332 2075 consulatu
344 1988 563 2090 pereloquens
577 1989 665 2067 visus
679 1987 747 2084 est,
757 2014 830 2063 non
838 1989 960 2063 'tardus
964 1989 1036 2063 seri

67 2103 205 2193 tentiis,
238 2125 310 2175 non
323 2099 423 2199 inops
448 2099 589 2191 verbis,
626 2123 716 2174 voce
737 2123 883 2189 canora,
908 2094 1035 2171 facente

67 2213 153 2287 satis.
187 2211 444 2300 ertemarius,
469 2204 618 2298 Lfilius,
642 2207 806 2308 persedut
825 2207 955 2299 literis,
978 2207 1063 2303 sed,

68 2326 226 2412 Graecis,
253 2323 435 2397 fastidiosus
462 2322 536 2397 sane
558 2323 778 2408 Latinarum
815 2341 948 2419 argutus
960 2343 1036 2393 ora-

68 2459 146 2526 tor,
170 2437 350 2536 verbisque
368 2435 500 2526 ducis,
529 2435 586 2511 sed
610 2434 740 2534 firgiens
764 2457 838 2507 non
856 2432 963 2505 modo
983 2434 1084 2506 di-·

69 2549 186 2640 cendi,
211 2547 454 2623 verumetiam
478 2545 650 2645 cogitandi
665 2544 834 2634 laborem,
856 2544 1036 2617 tanntmfi·
1104 2640 1107 2648 Ι

67 2662 106 2736 bi
134 2662 175 2735 de
221 2660 372 2735 facultate
405 2658 571 2751 detraxit,
615 2672 776 2758 quantum
796 2654 965 2732 imminuit
984 2657 1036 2731 in-

68 2772 222 2847 dmm

121 2884 198 2958 Hoc
216 2884 295 2957 loco
320 2885 461 2970 Brutus,
488 2884 601 2978 Quam
618 2881 757 2973 vellem,
780 2880 904 2981 inquit,
926 2881 968 2954 de
984 2879 1033 2954 his
1051 2906 1094 2978 7¹

70 2989 174 3065 etiam
206 2989 415 3080 oratoribus,
439 2989 499 3088 qui
522 2989 624 3063 hodie
648 2987 742 3079 sufnt,
767 2990 827 3061 tibi
851 2991 960 3060 dicere
980 2987 1033 3061 lud
1050 3004 1102 3079 ιιι

70 3101 177 3175 beret.
204 3115 258 3184 et,
291 3097 381 3170 fide
402 3043 478 3169 'aliis
502 3096 637 3184 minus,
663 3084 705 3168 de
738 3093 870 3166 duobus
901 3098 1041 3180 tamen,-

70 3230 198 3304 quosn
220 3223 253 3281 te
276 3207 346 3279 scio
361 3205 486 3283 laudari
505 3205 633 3295 solere,
656 3200 794 3277 Caesare
814 3216 848 3271 et
860 3198 1036 3293 Marcello,

70 3312 222 3387 audirem
242 3337 315 3389 non
339 3314 449 3388 minus
465 3313 633 3398 lubenter,
656 3334 756 3407 quam
778 3306 892 3382 audivi
918 3308 999 3383 de
978 3334 1034 3399 ns,

27 3412 31 3419 ”
69 3424 132 3522 qui
150 3422 294 3503 fuerunt.
342 3425 414 3507 Cur
432 3423 585 3511 tandein,
605 3418 764 3518 inquam?
790 3444 832 3492 an
854 3420 1038 3516 exspeelas„

70 3529 158 3628 quid
177 3556 242 3630 ego
261 3532 406 3607 iudicem
424 3531 466 3604 de
487 3529 570 3617 istis,
596 3527 655 3625 qui
670 3528 732 3600 tibi
749 3526 823 3603 sunt
840 3550 943 3620 aeque
961 3527 1037 3600 noti

71 3669 114 3717 ec
132 3643 242 3718 mihil
272 3643 359 3718 Mihi
376 3642 582 3731 mehercule,
615 3640 742 3738 inquit,
771 3637 944 3711 Marcellus
962 3638 1039 3712 satit

72 3754 123 3848 est
143 3774 264 3845 novis·
287 3755 410 3847 Caesar
434 3771 544 3843 autem
563 3776 699 3851 patum.
718 3751 811 3919 rllxum
824 3748 922 3942 3enirn
941 3744 1038 3851 saepe

777 3869 796 3916 a
