2302 4304
393 298 702 381 annius
960 319 1076 398 345w

40 437 48 454 ⁸
121 460 231 558 Atque
245 458 343 532 etiam
360 460 449 558 apud
472 461 581 534 socios
604 479 637 547 et
653 457 787 548 latinos
812 476 962 534 oratores
974 462 1033 534 ha·
1049 466 1096 556 46

68 567 134 640 biti
161 566 235 641 sunt
260 560 304 662 Q.
335 570 466 642 Vettius
496 570 689 660 Vettianus,
716 593 735 638 e
769 569 908 653 Marsis,
932 589 1098 666 quem169

67 675 139 772 ipse
157 676 333 777 cognovi,
357 681 500 779 prudens
527 680 602 772 vir,
619 696 653 754 et
671 683 707 753 in
731 681 874 754 dicendo
899 684 1032 761 brevis:

69 789 115 881 Q.
140 812 174 864 et
190 792 237 865 D.
265 791 388 865 Valerii
416 792 556 883 Sorani,
579 793 684 867 vicini
710 814 743 865 et
759 791 934 865 familiares
951 796 1035 887 mei,

68 919 231 975 nontam
257 901 292 974 in
325 904 469 977 dicendo
494 905 720 995 admirabiles,
745 911 845 1004 quam
879 906 970 978 dodi
1002 925 1036 981 et

69 1015 207 1088 Graecis
229 1015 331 1089 literis
348 1037 382 1088 et
406 1017 547 1089 Latinis:
563 1018 604 1090 C.
622 1016 814 1104 Rusticellus
840 1020 1034 1091 bononien·

68 1123 135 1212 fis,
164 1125 194 1198 is
211 1128 346 1224 quidem
369 1149 402 1217 et
419 1127 643 1216 exercitatus,
665 1147 698 1200 et
723 1148 839 1202 natura
866 1127 1035 1202 volubilis.

69 1239 234 1313 Omnium
256 1258 365 1313 autem
389 1238 669 1338 eloquentissimus
687 1256 779 1340 extra
803 1238 888 1312 hanc
916 1238 1033 1310 urbem

69 1349 112 1424 T.
144 1351 297 1426 Betucius
323 1356 440 1425 Barrus
475 1351 674 1439 Asculanos,
691 1349 783 1422 cuius
807 1347 881 1421 sunt
905 1347 1033 1443 aliquot

67 1459 238 1533 orationes
269 1463 378 1534 Asculi
406 1459 550 1534 habitae..
569 1457 623 1532 illa
644 1459 772 1530 Romae
799 1474 920 1528 contra
945 1453 1032 1524 Cae-

66 1568 236 1665 pionem,
257 1563 378 1643 nobilis
404 1569 500 1644 sane:
523 1567 577 1640 cui
603 1564 749 1640 orationi
771 1561 949 1659 Caepionis
970 1585 1032 1633 ore

67 1681 395 1778 respondit·Aelius;
411 1683 470 1780 qui
493 1679 686 1777 scriptitavit
706 1677 876 1750 orationes
900 1673 1032 1766 multis,

66 1819 186 1867 orator
198 1795 265 1892 ipse
286 1821 454 1894 nunquam
469 1794 541 1871 fuit.
555 1793 652 1889 Apud
670 1791 812 1864 maiores
831 1806 942 1860 autem
968 1811 1032 1857 no-
1050 1805 1096 1855 ¹70

67 1899 155 1980 stros
173 1907 276 1981 video
293 1906 533 1981 disertissimum
553 1905 702 1978 habitum
731 1928 774 1977 ex
798 1901 894 1974 Latio
912 1903 948 1974 L.
968 1903 1032 1972 Pa·
1112 1920 1113 1924 ’

67 2015 192 2112 pirium
209 2016 456 2114 Fregellanum,
477 2015 530 2088 Ti.
548 2014 690 2112 Gracchi
705 2067 716 2104 ,
730 2017 765 2088 P.
794 2011 876 2104 filii,
894 2012 963 2092 fere
977 2039 1032 2086 ae·

66 2144 135 2200 tate
151 2153 160 2197 τ
174 2127 242 2199 eius
265 2125 365 2198 etiam
392 2125 502 2199 oratio
529 2123 576 2200 est
605 2149 668 2219 pro
693 2124 908 2220 Fregellanis,
930 2125 1032 2196 colo-

67 2234 196 2332 niisque
213 2235 352 2325 Latinis,
367 2237 477 2310 habita
491 2237 525 2306 in
538 2235 660 2309 senarii.
676 2237 766 2306 Tum
791 2236 924 2324 Brutus,
938 2237 1039 2328 Quid

66 2363 106 2417 tu
132 2344 252 2444 igitur,
265 2346 398 2443 inquit,
425 2344 541 2419 tribuis
559 2344 624 2419 istis
638 2344 778 2418 externis
800 2345 889 2443 quasi
912 2364 1031 2419 orato-
1100 2381 1106 2456 ¹>

66 2456 161 2529 ribus
176 2455 190 2526 i
205 2455 298 2548 Quid
318 2455 451 2544 censes,
470 2454 629 2552 inquam,
646 2455 704 2527 nisi
729 2456 819 2529 idem
831 2507 843 2540 ,
855 2455 948 2553 quod
969 2482 1030 2542 ur·
1130 2526 1133 2530 ,

67 2566 184 2656 banis,
197 2586 326 2664 praeter
344 2595 467 2658 unum,
481 2568 573 2666 quod
589 2595 659 2641 non
687 2569 733 2641 est
749 2595 867 2642 eorum
893 2568 1029 2641 urbani·
1094 2592 1096 2596 ·

66 2696 134 2751 tate
152 2680 294 2775 quadam
307 2682 397 2778 quasi
411 2684 559 2759 colorata
573 2685 682 2756 oratio
703 2684 777 2756 ?.Et
802 2685 940 2772 Brutus,
960 2686 1029 2779 Qui
1049 2715 1091 2767 171

66 2785 142 2872 est,
160 2788 286 2884 inquit,
299 2789 358 2861 iste
379 2793 511 2868 tandem
529 2793 718 2866 urbanitatis
739 2792 836 2866 color
851 2793 865 2864 l
880 2794 1029 2887 Nescio,

67 2899 216 2995 inquam.
252 2920 379 2978 tantum
407 2903 471 2975 esse
494 2906 659 3001 quendam
684 2907 764 2979 scio.
785 2906 822 2979 ld
833 2923 868 2976 tu
882 2961 893 2995 ,
908 2909 1027 2999 brute,

66 3008 134 3081 iam
158 3008 336 3107 intelliges,
350 3016 425 3083 cum
444 3013 479 3083 in
496 3013 640 3085 Galliam
664 3016 805 3114 venepis.
846 3015 956 3087 audies
992 3034 1028 3090 tu

64 3117 206 3210 quidem
238 3120 337 3190 etiam
366 3122 470 3194 verba
488 3124 650 3219 quaedam
670 3149 739 3195 non
768 3123 845 3195 trita
876 3126 1028 3199 Romae:

64 3225 124 3296 sed
142 3224 223 3298 haec
238 3229 595 3328 mutari,'dediscique
617 3232 749 3329 possunt
765 3233 867 3305 :illud
885 3235 932 3306 est
956 3263 1028 3312 ma·

64 3333 144 3422 ius,
166 3337 259 3430 quod
281 3337 318 3408 in
335 3339 476 3411 vocibus
500 3338 689 3411 nostrorum
716 3350 888 3415 oratorum
910 3347 1029 3420 recinit
1082 3348 1084 3352 '

63 3441 227 3539 quiddam
249 3463 283 3517 et
304 3445 434 3528 resonat
454 3448 617 3520 urbanius.
644 3474 705 3523 nec
728 3448 795 3520 hoc
822 3451 857 3523 in
880 3457 1028 3528 oratori·
1103 3538 1105 3543 ¹

64 3552 133 3626 bus
165 3553 271 3625 modo
307 3575 447 3652 apparet
459 3612 481 3653 ,ᾗ
508 3557 563 3628 sed
593 3559 693 3630 etiam
720 3561 754 3631 in
781 3563 921 3635 ceteris„
955 3568 1027 3661 Ego
1048 3599 1091 3654 1¹72

63 3663 206 3735 memini
228 3668 270 3737 T.
283 3667 424 3741 Tincam
434 3670 676 3761 Placentinum,
695 3673 865 3745 hominem
880 3673 1028 3747 facetissi-

61 3805 180 3873 mum,
212 3806 289 3858 cum
317 3783 470 3884 familiari
493 3784 610 3861 nostro
638 3787 685 3884 Q.
706 3768 835 3862 Granio
859 3806 1030 3888 praecone
1055 3878 1058 3884 q
