2302 4304
152 282 198 354 m
391 232 897 369 Deonnroua

148 443 285 538 lepore,
310 447 345 512 'et
374 440 572 538 politissimis
607 440 735 514 facetiis
768 440 946 538 pellexisti,
973 465 1054 513 cum
1081 460 1116 514 et
1145 460 1148 465 ·

148 551 283 626 illud
251 553 391 625 nrmiu'm
414 578 553 626 acumen
574 555 802 645 illuderes‚et
833 552 1067 627 admirarere
1057 580 1112 625 rn-

148 662 284 762 genium
296 662 454 735 Saevolae
465 717 477 752 ,
490 689 549 788 <pu
539 662 786 762 excogitasset,
798 662 885 737 nasci
898 665 990 762 prius
1004 690 1113 762 opor-

147 788 238 862 tete,
274 796 376 870 quam
406 774 556 845 emori:
594 798 736 871 cumque
773 774 877 846 multa
914 774 1133 872 colligeres,

148 904 237 954 etex
263 880 390 979 legibus
413 898 447 954 et
472 906 515 954 ex
540 880 842 972 senatusconsultis,
862 904 900 965 et
917 907 961 955 ex
988 883 1060 957 vita
1073 909 1110 957 ac

148 990 302 1065 sermone
325 993 509 1084 communi,
528 1018 598 1066 non
620 993 725 1066 modo
745 1012 851 1082 acute,
872 991 1046 1066 sedetiam
1065 992 1112 1063 ri·

149 1104 257 1177 dicule
284 1129 322 1176 ac
348 1103 477 1190 facete3
504 1105 561 1177 ubi
582 1104 608 1178 si
628 1103 749 1188 verba,
772 1127 842 1175 non
865 1126 935 1173 tem
957 1100 1117 1198 sequere·

149 1239 238 1303 mur,
256 1211 379 1286 confici
397 1212 443 1284 nil
459 1213 574 1308 posset.
599 1216 712 1311 Itaque
727 1211 895 1284 hilaritatis
909 1211 1045 1307 plenum
1058 1210 1110 1282 iu·
1125 1230 1147 1241 ··

149 1323 274 1395 dicium
296 1344 335 1395 ac
358 1319 498 1394 laetitiae
520 1322 603 1395 fuit:
626 1323 661 1394 in
684 1347 753 1420 quo
776 1321 857 1419 quid
879 1320 940 1394 tibi
962 1322 1044 1395 iuris
1067 1326 1111 1398 ci·

143 1426 226 1509 'vilis
252 1435 446 1507 exercitatio
482 1432 661 1532 profuerit,
688 1457 758 1504 non
784 1431 950 1528 intellig03
976 1429 1121 1506 dicendi

150 1544 202 1618 vis
228 1546 386 1643 egregia,
414 1545 539 1623 summa
566 1544 741 1619 festivitate
773 1561 807 1616 et
832 1542 1001 1617 venustate
1026 1570 1109 1617 con-

85 1677 133 1726 144
149 1653 258 1727 iunfla
276 1654 415 1751 profuit.
439 1654 510 1751 lpse
524 1654 576 1726 ille
597 1652 727 1724 Mucius
746 1651 874 1748 paterni
893 1651 973 1724 iu'ris
992 1650 1110 1744 defen-

150 1763 224 1856 sor,
250 1783 284 1838 et
314 1764 403 1863 quasi
435 1765 628 1862 patrimonii
662 1786 894 1861 propugnator
920 1763 999 1855 sui,
1027 1764 1110 1862 quid
1137 1782 1145 1791 ·

148 1873 185 1945 in
208 1876 261 1949 illa
284 1875 399 1963 causa,
413 1899 490 1946 cum
513 1893 631 1947 contra
653 1896 686 1944 et
710 1872 855 1963 diceret,
869 1873 991 1963 amilit,
1014 1872 1109 1972 quod

53 2070 56 2077 Ι
143 1982 191 2054 -de
218 1981 289 2054 iure
316 1981 406 2056 civili
441 1983 677 2077 depromptum
707 1979 903 2053 videretur?
930 2006 1031 2078 quam
1058 1981 1108 2052 le·

150 2114 226 2187 gem
248 2087 425 2170 recitavit?
445 2089 526 2187 quid
550 2086 705 2185 patefecit
731 2088 886 2178 dicendo,
914 2090 1006 2187 quod
1031 2087 1129 2161 fuis·

149 2199 197 2272 set
219 2200 380 2296 imperitis
407 2201 604 2293 occultius?¹
619 2226 739 2298 nempe
765 2200 834 2274 eius
861 2201 971 2274 omnis
996 2201 1108 2273 oratio

149 2311 279 2388 versata
309 2314 356 2387 est
382 2315 416 2386 in
441 2340 505 2403 eo,
534 2336 571 2386 ut
597 2312 754 2409 scriptum
790 2312 970 2408 plurimum
995 2312 1108 2386 valere

149 2446 308 2524 oportere
329 2425 530 2501 defenderet.
554 2427 599 2498 At
620 2425 655 2496 in
678 2425 745 2496 hoc
767 2445 894 2520 genere
912 2420 1006 2518 pueri
1019 2422 1108 2517 apud

149 2538 321 2636 magistros
339 2557 534 2611 exercentur
553 2562 681 2624 omnes,
699 2561 776 2608 cum
795 2537 828 2607 in
849 2532 1011 2606 eiusmodi
1029 2557 1109 2605 cau-

149 2642 189 2715 sis
212 2645 289 2716 alias
316 2643 485 2740 scriptum,
505 2636 592 2718 ¹alias'
613 2647 811 2743 aequitatem
838 2639 1014 2717 defendere
1042 2644 1107 2716 do·

12 2793 14 2799 ·
85 2784 130 2838 ²45
150 2773 277 2829 centur.
315 2757 357 2826 Et
379 2757 482 2828 credo
508 2757 543 2826 in
567 2756 625 2828 illa
650 2758 761 2829 militis
796 2749 911 2846 causa,
936 2755 961 2826 si
987 2774 1025 2828 tu
1051 2774 1107 2828 aut

150 2864 329 2953 heredem,
356 2881 412 2936 aut
433 2863 571 2936 militem
590 2865 810 2958 defendisses,
842 2867 883 2938 ad
909 2859 1122 2939 Hostilianas

149 2995 184 3049 te
209 2975 373 3064 asliones,
397 3001 468 3047 non
497 2975 539 3048 ad
569 2995 659 3048 tuam
686 2978 758 3051 vim
785 2999 819 3050 et
844 2976 1028 3050 oratoriam
1055 2977 1108 3050 fa-

88 3130 90 3132 *
149 3089 304 3162 cultatem
331 3085 525 3159 contulisses.
550 3104 586 3158 tu
612 3112 719 3178 veru,
745 3087 848 3162 velli
874 3087 1106 3161 testamentum

61 3260 65 3266 .
149 3198 361 3291 defenderes,
394 3197 438 3271 fic
463 3225 598 3297 ageres,
625 3223 663 3274 ut
690 3225 790 3284 omne
816 3192 988 3293 ⁴omnium¹
1007 3186 1106 3273 testa-

147 3330 339 3386 mentorum
365 3314 415 3386 ius
448 3313 484 3385 in
515 3339 557 3385 eo
585 3314 709 3388 iudicio
743 3304 885 3408 positum
911 3312 1105 3398 videremr3

147 3424 205 3496 vel
230 3423 255 3494 s1
281 3425 408 3495 causam
430 3449 542 3523 ageres
563 3424 693 3513 militis,
720 3441 848 3520 patrem
874 3423 962 3512 eius,
988 3441 1026 3494 ut
1050 3423 1106 3496 so-

148 3531 215 3620 leS,
242 3531 384 3602 dicendo
411 3556 429 3602 a
456 3533 594 3604 mortuis
624 3531 812 3605 excitasfes:
844 3529 1001 3603 statuisses
1029 3547 1106 3603 ante

59 3740 61 3746 .
149 3646 295 3736 oculos:¹
307 3638 498 3741 complexus
519 3644 599 3745 esset
616 3635 743 3733 lilium,
765 3647 1010 3744 flensque'eum
1025 3669 1105 3715 cen—

149 3755 302 3832 tumviris
322 3747 598 3863 commendasset}
623 3755 753 3856 lapides
766 3754 960 3831 mehercule
986 3775 1104 3830 omncs

507 4125 512 4133 ι
