2304 4304
274 329 277 335 ·
389 248 783 378 tinnun-
967 282 1023 406 77

40 465 95 564 =iit
122 464 203 539 sane
229 482 345 554 tanta,
374 489 533 564 quantam
559 487 596 539 tu
622 465 712 539 illam
737 464 802 540 esse
823 465 891 542 vis.
939 469 1020 542 Ete-
1036 493 1081 546 ιιι
1134 476 1137 482 ’

44 577 121 648 nim
146 576 215 649 sine
237 573 467 649 controversia
490 593 525 647 et
541 598 661 672 magna
684 573 751 664 est,
778 595 818 647 et,
832 576 897 648 late
915 593 1020 673 patet,

45 702 82 752 et
108 683 155 752 ad
177 682 300 755 multos
322 683 491 779 pertinet,
511 701 545 755 et
566 680 698 756 summo
720 682 907 761 inhonore
933 684 1022 759 sem·

46 818 111 892 per
134 793 219 886 suit,
241 817 275 868 et
296 796 460 870 clarissimi
486 797 578 870 cives
606 797 638 884 ei
665 795 775 868 studio
798 793 899 880 etiam
921 795 1023 870 hodie

47 901 229 1000 praesume
242 902 307 976 ’sed
329 905 427 993 vide,
449 903 584 993 Crasse,
606 927 662 1007 ne,
684 903 767 975 dum
789 927 888 978 novo
909 923 944 978 et
961 904 1023 977 ali·

50 1023 121 1086 eno
144 1031 266 1112 ornatu
288 1015 372 1107 uelis
394 1041 524 1089 ornare.
533 1015 613 1087 iu'ris
637 1014 745 1090 civilis
768 1014 952 1106 scientiam,
965 1016 1025 1090 suo

13 1113 192 1220 t‘q'uoque
213 1147 306 1215 eam,
329 1124 488 1198 concesso
506 1148 541 1198 et
558 1114 682 1199 tradito
706 1123 829 1221 spolies
850 1147 952 1225 atque
967 1128 1026 1200 de·

54 1226 294 1324 nudes..Nam,
323 1232 422 1308 suita
439 1235 584 1320 diceres,
598 1234 656 1332 qui
670 1233 919 1310 iurisconsultus
933 1237 1026 1326 esset,
1043 1259 1090 1326 ηε
1104 1294 1111 1311 .

55 1341 124 1413 elle
145 1367 224 1414 eum
245 1366 441 1437 oratorem,
452 1346 608 1444 itemque
631 1372 690 1444 qtu
679 1345 793 1420 esset
813 1369 947 1439 orator,
969 1351 1043 1422 iu·

57 1454 110 1526 ris
129 1455 272 1526 eundem
300 1457 367 1529 esse
395 1456 604 1545 consultum3
626 1447 808 1555 praeclairas
835 1460 914 1534 duas
937 1481 1025 1536 artes

56 1552 274 1638 constitueres
285 1585 418 1665 ,atque
440 1568 526 1641 inter
549 1567 717 1665 separes,
741 1586 775 1642 et
796 1568 944 1643 eiusdem
968 1570 1026 1644 so-

58 1675 126 1748 cias
149 1620 327 1778 dignitatis.
349 1705 448 1752 nunc
460 1704 559 1771 vero,
581 1679 851 1754 iurisconsultum
872 1681 941 1755 fine
962 1683 1026 1756 hac

10 1807 13 1811 ·
57 1788 272 1886 eloquentia,
298 1792 340 1863 de
367 1817 432 1889 qua
453 1794 668 1888 quaerimus,
694 1791 807 1864 fateris
828 1791 894 1865 esse
917 1795 1027 1890 posse,
1105 1805 1109 1810 ’

59 1893 223 1994 fuisseque
243 1897 421 1993 plurimos3
444 1914 616 1996 oratorem
638 1912 750 1995 negas,
772 1896 831 1969 nifi
853 1898 942 1971 illam
964 1900 1028 1974 sci-

61 1996 196 2076 entiam
210 2005 404 2097 assumserit,
426 2005 492 2109 esse
515 2005 619 2102 pesse.
641 2009 688 2079 ita
710 2006 756 2079 est
778 2006 1027 2082 tibi'iutiscon·
1068 2029 1072 2035 '

64 2114 165 2190 sultus
188 2116 335 2216 ipseper
357 2109 402 2190 se'
415 2116 514 2208 nihil,
529 2118 598 2190 nist
618 2117 775 2217 leguleius
795 2119 933 2216 quidam
946 2144 1038 2201 caus

64 2244 115 2296 tus
143 2245 178 2296 et
201 2233 483 2322 acutus,ptaeco
505 2219 694 2310 allionum,
721 2243 839 2296 cantor
862 2221 1030 2295 formula-

66 2357 174 2424 rum,
193 2354 315 2430 auceps
344 2329 563 2432 syllabarum:
592 2331 648 2403 sed
681 2329 762 2427 quia
797 2329 892 2425 saepe
927 2333 1030 2402 utitur
1140 2376 1143 2390 -

68 2466 182 2547 orator
205 2444 348 2518 subsidio
374 2445 454 2517 iuris
480 2443 516 2513 in
540 2439 673 2527 causis,
689 2438 819 2510 idcirco
842 2435 934 2509 islam
953 2437 1032 2510 iuris
1060 2431 1065 2441 ⁶
1095 2504 1101 2517 ,
1141 2526 1143 2533 Ι

13 2642 15 2647 .
69 2536 237 2630 scientiam
268 2556 504 2662 eloquentiae,
515 2573 674 2651 tanquam
694 2548 877 2625 ancillulam
902 2549 1032 2648 pedise-

68 2690 256 2765 quamque,
269 2644 453 2739 adiutixisti.

119 2775 226 2868 Quod
253 2799 337 2848 vero
371 2768 613 2870 impudentiam
648 2766 827 2841 admiratus
852 2792 887 2842 es
913 2793 1032 2842 eorum
1053 2773 1096 2869 56

54 2898 314 2981 ‘patronorum
324 2882 382 2982 qui
395 2898 468 2972 aut,
490 2905 568 2954 cum
592 2900 705 2974 parva
718 2877 880 2952 nescirent
890 2903 1033 2976 ‚magna
1048 2906 1096 2960 ast

72 2995 382 3095 profiterentur,
358 3015 413 3066 aut
434 3016 485 3080 ea,
506 3013 590 3088 quae
613 2989 759 3074 maxima
780 2987 914 3061 essent
905 3014 940 3058 ιιι
962 2988 1033 3058 iure

72 3102 183 3195 civili,
204 3105 343 3176 traslare
379 3097 566 3173 auderent
557 3123 593 3168 m
619 3095 738 3184 causis,
760 3118 898 3166 cumea
929 3094 1033 3168 nesci-

73 3238 165 3307 rent,
200 3239 434 3314 nunquamque
467 3205 674 3292 didicissent3
707 3207 877 3304 utrimque
902 3207 966 3280 rei
983 3207 1034 3281 fa-

74 3327 145 3401 cilis
170 3326 218 3398 est
244 3346 278 3399 et
300 3345 434 3451 promta
460 3321 615 3395 defensio.
640 3321 735 3391 Nam·
755 3343 862 3416 neque
885 3319 965 3395 illud
988 3321 1035 3394 est
1140 3404 1143 3408 Α

77 3439 285 3528 mirandum,
298 3438 375 3536 qui,
402 3436 521 3534 quibu's
542 3412 653 3508 verbis
680 3432 828 3506 coemtio
856 3429 933 3521 fiat,
961 3432 1035 3505 nes·

41 3609 43 3614 .
79 3551 163 3642 ciat,
190 3550 383 3624 eundem
355 3576 423 3622 etus
444 3545 607 3632 mulieris,
635 3568 718 3644 quae
741 3544 967 3619 coemtionem
984 3542 1035 3613 fe-

80 3659 181 3752 cerit,
204 3658 335 3736 causam
361 3657 455 3756 posse
481 3657 676 3731 defendere:
704 3680 782 3742 nec,
809 3650 1035 3750 siparvina·

80 3771 163 3872 vigii
189 3791 223 3848 et
246 3772 358 3873 magni
380 3771 499 3852 eadem
514 3769 562 3847 est
583 3770 619 3848 in
639 3768 854 3870 gubernando
881 3761 1037 3866 scientia,
1121 3826 1123 3831 ι
