2302 4304
946 284 1018 360 409

266 325 837 512 mutium

134 581 948 720 CICERONIS

133 916 512 1043 utucuu
557 953 1000 1068 uruu‘ruu,

275 1126 865 1250 ORATOR*

52 1354 420 1374 m

290 1445 759 1555 [nucuuenruu.
839 1516 841 1520 .

55 1652 146 1716 Huius
169 1652 229 1713 libri
251 1652 387 1715 summum
408 1651 547 1716 confilium
566 1653 621 1714 ltoc
639 1651 701 1728 est,
722 1668 752 1712 ut
770 1651 880 1734 perselii
899 1653 935 1713 ab
956 1660 1019 1713 om·

95 1746 176 1806 nibus
192 1749 310 1828 partibus
330 1765 357 1809 et
374 1746 486 1808 absoluti
510 1749 623 1807 oratoris
637 1745 736 1827 species
757 1746 891 1827 quaedam
911 1762 940 1806 et
962 1746 1019 1806 fot-

95 1855 144 1895 ma
160 1835 323 1920 effingatur,
346 1834 429 1918 quam
447 1840 551 1897 intuens
568 1836 671 1897 futurus
689 1852 798 1914 orator,
819 1837 855 1898 ad
872 1835 1018 1920 perfellam

95 1930 279 2012 eloquentiam
303 1933 474 1996 conformare
491 1935 644 1995 orationem
662 1921 750 2016 posltt.
793 1933 906 1995 Summa
927 1931 1019 2000 autem'

95 2028 179 2086 totius
207 2029 389 2111 disputationis
411 2031 464 2090 huc
488 2030 576 2106 redit,
600 2047 630 2090 ut
654 2046 744 2090 orator
764 2029 897 2110 perfer
922 2031 943 2088 is
967 2027 1019 2102 fit,

64 2155 66 2166 ι
94 2123 142 2198 qui
170 2126 220 2183 tria
246 2125 288 2184 illa
313 2124 539 2212 dicendi'genera
568 2125 605 2183 ita
631 2121 729 2182 habeat
754 2124 781 2179 in
807 2120 956 2202 potestate,
988 2139 1018 2181 ut
1108 2194 1111 2202 Ι

92 2235 183 2294 parva
203 2220 359 2292 summisse,
377 2220 486 2281 modica
512 2231 686 2297 temperate,
713 2233 814 2295 magna
825 2214 953 2294 ,graviter
977 2213 1018 2272 di-
1116 2202 1121 2216 ’

94 2324 157 2366 cere
178 2306 266 2388 poffit.
286 2309 343 2370 vid.
362 2329 386 2372 c.
415 2329 459 2388 29.
490 2306 570 2369 Hanc
595 2303 801 2385 disputationem
820 2304 856 2364 ita
875 2300 1013 2374 instruxit,
1076 2372 1081 2380 ἱ

93 2421 124 2466 ut
150 2398 258 2484 posrto„²
274 2418 403 2482 tanquam
428 2397 605 2463 fundamento
631 2397 816 2478 eloquentiae,
836 2397 1018 2479 philosophiae

92 2495 204 2569 studio,
224 2516 248 2554 c.
273 2514 297 2575 3.
318 2515 346 2568 4.
356 2495 457 2576 primo
480 2493 514 2554 de
534 2489 617 2551 tribus
635 2488 742 2551 dicendi
757 2490 898 2576 generibus
923 2509 1013 2573 agat,

90 2611 180 2672 eaque
208 2588 349 2653 occasione
374 2610 472 2650 verum
501 2587 626 2650 Atticum
654 2587 762 2649 dicendi
783 2608 867 2672 genus
885 2589 939 2649 hoc
963 2589 1016 2652 elle

91 2684 167 2753 aiat,
194 2681 269 2761 quod
289 2683 381 2744 omnia
403 2696 465 2762 apte
486 2678 566 2762 poffit
584 2679 692 2762 eloqui,
713 2700 769 2741 non
790 2680 894 2741 aridum
909 2681 972 2741 illud
988 2699 1016 2744 et

91 2774 239 2847 ieiunum,
271 2773 346 2853 quod
387 2773 496 2854 quidam
528 2771 737 2848 consectentur,
769 2795 793 2836 c.
822 2793 895 2857 509.
918 2776 1016 2839 deinde

91 2886 163 2925 vero
184 2866 234 2924 tria
260 2867 360 2927 oratori
380 2866 498 2927 videnda
522 2863 664 2942 ostendat,
691 2868 775 2948 quid,
801 2889 858 2951 quo
884 2869 968 2944 loco,
988 2885 1015 2931 et

90 2960 236 3050 quomodo
254 2960 346 3034 dicat3
367 2981 483 3042 quorum
509 2963 627 3043 primum
649 2962 678 3019 in
702 2964 877 3036 inventione,
902 2951 1033 3023 alterum'

88 3064 118 3123 in
136 3049 326 3135 dispositione,
344 3054 451 3112 tertium
474 3053 501 3110 in
529 3053 679 3112 elocutione
696 3051 834 3119 versetur,
855 3071 879 3108 c.
904 3049 1014 3111 10-18.

90 3177 125 3215 ac
137 3145 271 3211 summam
292 3147 457 3229 eloquentiae
478 3149 538 3209 vim
552 3153 579 3209 in
595 3149 745 3210 elocutione
767 3143 882 3227 positam
898 3144 1014 3221 doceat,

90 3258 242 3327 quaerum
273 3238 383 3319 quidem
411 3238 529 3323 perseila
552 3238 604 3314 stt,
633 3260 696 3298 cum
722 3235 754 3311 su
772 3236 809 3296 acl
829 3235 1013 3323 docendum,
1039 3304 1040 3308 ἵ

87 3335 279 3401 delectandum
308 3380 318 3409 ,
343 3333 506 3395 fleslendum
527 3332 753 3406 accommodata,
777 3333 804 3396 h.
823 3355 846 3394 e.
867 3333 951 3393 tribus
967 3333 1014 3391 illis
1083 3379 1088 3389 .

89 3433 234 3519 generibus
261 3430 408 3490 commode
445 3447 561 3502 utatur3
590 3429 739 3488 cuiusmodi
768 3429 885 3490 elocutio
917 3428 1013 3508 quibus
1036 3480 1038 3487 .

89 3521 165 3608 quast
184 3519 263 3603 signis
279 3518 439 3601 agnoscatur
452 3533 479 3578 et
492 3517 636 3592 iudicetur,
652 3515 708 3578 firse
719 3518 881 3602 persequitur
901 3542 925 3581 c.
945 3514 1012 3601 ¹9⁰2

92 3618 139 3700 38.
161 3614 288 3675 Tandem
304 3613 359 3695 ipsa
384 3613 473 3672 forma
493 3632 526 3670 ac
544 3610 680 3674 charasler
694 3617 821 3674 orationis
841 3614 970 3686 traditur,
986 3631 1013 3676 et

84 3710 121 3772 de
148 3711 297 3773 verborum
327 3711 566 3792 sententiarumque
602 3709 744 3773 luminibus
774 3734 798 3775 c.
828 3730 872 3794 39.
899 3731 947 3788 40.
978 3736 1012 3779 ac
