2302 4304
131 356 201 435 ,p
333 348 337 357 ·
463 283 773 410 unorun

128 516 185 570 tur
194 494 357 581 tribunal,
370 497 501 594 gratiosi
516 498 636 572 scribae
649 497 712 572 sint
724 499 883 578 indando
898 518 932 574 et
944 502 1080 577 cedendo

128 607 226 698 loco,
240 631 365 680 corona
387 610 578 706 multiplex,
600 610 699 683 iudex
718 611 874 683 erestust
898 636 974 683 cum
990 608 1079 708 surssit

31 717 34 722 ’
128 713 177 803 is,
205 713 264 810 qui
281 713 423 785 didimus
435 713 492 801 sit,
520 711 748 811 significetura
766 738 896 788 corona
916 715 1079 801 silentium,

130 821 250 893 deinde
284 822 417 894 crebrae
446 821 656 910 assensiones,
692 821 812 895 multae
833 824 1078 908 admirationem
1106 850 1109 856 ·

75 1014 86 1026 ο
130 927 226 1014 risus,
254 955 331 1000 cum
358 928 461 1015 velit;
494 956 569 1004 cum
594 933 694 1023 velit,
715 931 827 1005 fletus:
851 951 908 1024 ut,
930 934 1077 1031 qui'haec

130 1041 248 1135 procul
272 1040 406 1133 videat,
434 1041 574 1131 etiamst,
608 1043 691 1139 quid
721 1061 856 1139 agatur,
892 1044 1032 1133 nesciat,
1050 1059 1077 1114 at

130 1150 263 1251 placere
285 1172 412 1238 tamen,
439 1173 472 1224 et
493 1154 528 1223 in
548 1151 640 1225 scena
654 1146 719 1225 else
739 1152 902 1227 Roscium
917 1154 1075 1252 intelligat.
1103 1184 1110 1201 ·

131 1263 224 1335 Haec
248 1264 301 1335 cui
325 1265 537 1362 contingant,
562 1289 641 1342 enm
663 1266 744 1341 scito
769 1268 878 1339 Attice
898 1267 1028 1355 dicere,
1044 1281 1075 1336 ut

130 1371 173 1443 de
208 1372 331 1445 Pericle
369 1373 576 1464 audivimus,
602 1396 639 1448 ut
669 1376 710 1447 de
743 1376 943 1474 Hyperide,
977 1391 1014 1447 ut
1040 1373 1076 1444 de

130 1483 312 1570 Aeschine,
350 1483 392 1556 de
422 1483 494 1576 ipso
525 1484 663 1582 quidem
685 1479 914 1557 Demosthene
936 1481 1075 1555 maxime.

65 1625 110 1677 ιρι
130 1597 187 1670 Sin
210 1616 320 1667 autem
343 1611 496 1683 acutum,
529 1595 691 1690 prudens,
727 1613 762 1666 et
787 1592 878 1664 idern
904 1589 1074 1675 sincerum,

129 1725 164 1780 et
187 1705 348 1795 solidum,
372 1697 615 1776 etexsrccatum
638 1726 738 1801 genus
752 1701 916 1775 orationis
932 1700 1075 1798 probant,

128 1839 193 1889 nec
217 1814 273 1886 illo
296 1814 448 1910 graviore
470 1829 588 1895 ornatu
605 1814 755 1885 oratorio
775 1806 937 1898 unitimr,
962 1826 995 1881 et
1015 1808 1074 1878 hoc

129 1929 303 2024 proprium
332 1927 397 1999 elle
432 1928 621 2000 Atticorum
651 1924 797 2011 volunt3
830 1925 920 1997 redte
946 1920 1075 1994 laudant.

129 2035 187 2110 Est
209 2036 296 2108 enim
317 2036 350 2108 in
374 2057 441 2108 arte
462 2053 566 2124 tanta,
594 2053 728 2132 tamque
749 2033 863 2123 varia,
889 2034 991 2107 etiam
1007 2024 1075 2144 huic

130 2149 276 2220 minutae
290 2147 456 2222 subtilitati
475 2149 577 2222 locut.
591 2147 635 2218 ita
651 2145 707 2218 siet
717 2199 728 2231 ‚
740 2168 778 2218 ut
791 2170 861 2218 non
874 2157 1074 2235 omnea,qu1

34 2250 37 2261 ’
130 2242 251 2345 Attice,
260 2258 358 2329 iidem
369 2259 469 2346 bene3
478 2257 534 2330 sed
541 2276 577 2330 ut
595 2280 720 2342 omnes,
731 2255 788 2352 qui
798 2255 896 2341 bene,
909 2253 1007 2323 iidem
1017 2245 1073 2318 eti·

128 2395 184 2442 am
194 2371 301 2444 Attice
310 2369 430 2444 dicant
447 2367 511 2442 Sed
519 2368 685 2440 redeamus
693 2367 801 2441 rursus
809 2361 1072 2438 adHortensrum

64 2477 107 2576 85
179 2480 262 2549 Sanc
293 2478 466 2574 quidem,
486 2478 594 2575 inquit
624 2479 756 2549 Brutus:
794 2499 996 2595 quamquam
1021 2467 1069 2539 ista

62 2612 110 2663 292
130 2586 212 2658 mihi
236 2608 291 2657 tua
312 2585 374 2658 fuit
396 2586 634 2682 periucundaa
660 2581 828 2681 propofita
856 2600 1008 2653 oratione
1029 2575 1071 2646 dr

129 2691 260 2793 greslio.
308 2694 395 2764 Tum
433 2696 580 2784 Atticus,
610 2692 799 2793 Aliquoties
830 2694 923 2782 sum,
959 2688 1069 2788 inquit,

19 2896 22 2901 ἡ
75 2856 78 2863 -
127 2823 286 2900 conatus,
319 2802 374 2874 sed
399 2803 603 2900 interpellare
627 2804 729 2875 nolui.
777 2804 895 2889 Nunc,
922 2797 1067 2898 quoniam

31 2993 33 2998 ,
127 2911 168 2983 ad
189 2911 411 3008 perorandum
438 2912 580 3007 spectare
601 2914 733 2988 videtur
761 2914 869 3002 sermo
895 2929 993 2999 tuus,
1025 2905 1065 2978 di·

124 3027 234 3114 cam,
249 3024 391 3122 opinor,
428 3027 521 3123 quod
548 3027 664 3099 sentio
713 3030 769 3100 Tu
792 3025 1063 3122 vero,inqua1n,

49 3194 54 3201 .
125 3135 214 3210 Tite.
263 3138 351 3212 Tum
385 3135 459 3226 ille,
498 3140 589 3233 Ego,
625 3139 755 3234 inquit,
786 3137 935 3221 ironiam
969 3135 1062 3218 illam,

63 3334 72 3351 l
124 3250 225 3365 quam
247 3248 282 3320 in
303 3253 436 3325 Socrate
463 3248 577 3322 dicunt
606 3247 719 3338 fuisse,
743 3275 809 3350 qua
831 3250 917 3322 ille
908 3274 945 3321 ιιι
966 3247 1061 3320 Plato-

122 3351 194 3441 nis,
227 3371 261 3425 et
290 3357 547 3459 Xenophontis,
584 3378 617 3432 et
644 3357 813 3431 Aeschinis
839 3356 933 3430 libris
954 3356 1062 3436 utimr,

123 3457 263 3535 facetam
284 3481 318 3535 et
340 3466 518 3564 elegantem
537 3486 628 3564 puto.
649 3467 695 3540 est
714 3455 803 3539 enim
816 3485 850 3542 et
867 3468 1003 3540 minime
1021 3464 1060 3534 in·
1088 3460 1090 3465 ’

122 3569 191 3663 epti
218 3570 396 3660 hominis,
422 3600 455 3649 et
481 3578 627 3650 eiusdem
649 3578 749 3650 etiam
776 3575 912 3666 faceti,
930 3574 1058 3652 cumdc
1110 3624 1111 3630 κ

54 3694 56 3699 ’
121 3675 276 3770 sapientia
320 3681 548 3780 disceptetur,
585 3686 669 3758 hanc
711 3687 769 3758 fibi
811 3686 918 3784 ipsum
957 3688 1111 3760 dena·

122 3783 227 3877 here,
250 3791 297 3864 ela
327 3792 470 3869 tribuere
497 3795 709 3891 illudentem,
741 3800 800 3898 qui
826 3823 903 3876 eam
927 3800 986 3878 fibi
1014 3822 1055 3918 ar-
1109 3812 1111 3882 l
