2302 4304
47 318 191 390 ,4n
440 288 770 364 onnuon

68 436 84 449 ⁰
118 460 202 529 enim
219 477 335 527 natura
342 452 541 547 philosophia
566 454 603 521 in
615 453 707 522 lucius
720 451 784 520 viri
804 471 902 519 mente
919 448 1064 542 quaedam.

72 589 105 641 ⁴²
120 569 212 642 Haec
228 566 269 639 de
294 563 497 639 adolescente
514 564 664 634 Socrates
683 575 874 658 auguratur.¹
922 557 967 627 At
983 579 1018 625 ea
1033 553 1066 624 de

119 674 249 749 leniore
272 671 385 746 scribit
404 671 521 757 Plato,
562 688 596 743 et
616 668 728 743 scribit
749 664 919 764 aequalis,
949 680 982 735 et
1007 661 1067 759 qui·

119 785 198 857 dent
228 784 413 882 exagitator
448 780 600 854 omnium
632 781 801 854 rhetorum
832 778 923 849 hunc
946 772 1067 845 miratu

119 922 232 972 unum
259 899 316 968 Me
333 914 460 987 autern,
480 922 537 994 qur
527 895 729 974 Isocratem
744 915 816 964 non
829 889 996 988 diligunt,
1013 899 1067 957 um
1109 974 1111 993 Ι

119 1027 197 1075 cum
209 1003 344 1075 Socrate
371 1022 405 1075 et
432 1003 656 1078 ctunPlatone
670 1025 778 1073 errare
791 1000 970 1097 patiantur.
995 993 1068 1068 Dul-
1109 996 1111 1017 '

120 1133 160 1187 ce
182 1107 282 1206 igitur
294 1111 456 1184 orationis
477 1135 604 1211 genus,
630 1130 664 1183 et
682 1109 844 1196 solutum,
856 1125 904 1183 et
921 1090 1111 1190 effluens‚'

119 1217 284 1293 sententiis
305 1241 482 1316 argumm,
505 1219 617 1292 verbis
637 1217 775 1304 sonans,
794 1215 878 1289 est
866 1241 908 1307 m
928 1214 989 1287 illo
1004 1212 1065 1306 epi·
1108 1146 1111 1265 i

119 1325 243 1398 diuico
267 1348 411 1422 genere.
438 1327 533 1422 quod
555 1327 695 1399 diximus
718 1325 896 1423 proprium
920 1319 1067 1432 sophista·
1109 1268 1111 1435 i

118 1454 193 1503 rurn
215 1455 383 1527 pompae,
409 1455 509 1528 quam
540 1456 675 1530 pugnae
697 1431 822 1528 aptius,
855 1426 1111 1528 gymnaliis
1041 1440 1111 1498 et

115 1537 291 1636 palaestrae
318 1539 464 1612 dicatum
476 1539 655 1637 ,spretum
672 1558 706 1615 et
732 1541 862 1638 pulsum
892 1536 983 1614 foro.
1015 1536 1083 1616 Sed

108 1649 213 1748 quod
230 1646 368 1722 educata
379 1649 476 1723 huius
494 1650 701 1727 nutrimentis
724 1649 937 1748 eloquentia,
962 1645 1068 1746 ipsese

98 1761 232 1858 ,postea
249 1763 378 1837 colorat
402 1763 615 1854 etroborat,
650 1787 721 1838 non
738 1764 882 1836 alienum
907 1762 973 1837 fiut
984 1758 1111 1835 deo·

117 1875 237 1949 ratoris
251 1874 556 1974 quasrincunabulis
573 1817 692 1949 diocte.
715 1877 844 1948 Verum
873 1874 959 1947 haee
984 1871 1111 1945 ludo·

116 2002 316 2107 rumatque
333 2005 503 2079 pompae.
524 1999 586 2056 nos
610 1999 719 2056 autem
743 1982 810 2058 iarn
836 1983 874 2057 in
896 1982 1068 2058 aciemdi·

54 2108 60 2123 ·
118 2090 400 2190 micationemque
427 2090 687 2165 descendamus.
746 2128 751 2145 ·

62 2227 106 2295 ¹4
165 2203 338 2297 Quoniam
355 2199 420 2273 tria
444 2201 589 2275 videnda
603 2201 677 2280 lunt
698 2201 841 2290 oratori,
866 2201 951 2298 quid
970 2201 1069 2289 dieat,

71 2339 103 2391 43
118 2328 152 2383 et
165 2335 236 2410 quo
247 2312 394 2410 quidque
414 2311 521 2397 loco,
538 2332 573 2382 et
587 2312 781 2408 quomodo:
806 2311 988 2385 dicendum
999 2335 1068 2382 om·

12 2492 15 2497 .
116 2424 200 2496 nino
219 2423 294 2513 est,
323 2422 405 2522 quid
425 2421 465 2495 stt
486 2423 651 2521 optimum
679 2421 714 2493 in
730 2412 887 2520 fingulis,
929 2421 984 2497 sed
1015 2421 1068 2492 ali·

114 2550 241 2627 quanto
258 2533 365 2622 secus,
390 2548 489 2628 atque
500 2530 535 2600 in
554 2531 709 2602 tradenda
728 2551 796 2602 arte
809 2531 876 2604 dici
893 2530 988 2605 solet
1001 2530 1068 2602 nul·

113 2639 145 2707 la
166 2659 339 2733 praecepta
352 2661 515 2733 ponemus
534 2633 657 2733 (neque
679 2635 768 2707 enirn
783 2634 818 2709 id
832 2635 1069 2736 suscepimus);

112 2745 168 2818 sed
192 2747 376 2821 excellentis
394 2749 602 2846 eloquentiae
625 2749 766 2845 speciem
792 2770 825 2821 et
847 2748 996 2824 formam
1016 2753 1067 2824 ad·

112 2854 356 2927 umbrabimus:
382 2881 464 2943 nec,
478 2857 595 2954 quibus
620 2859 718 2932 rebus
738 2883 777 2930 ea
787 2881 923 2954 paretur
935 2915 947 2952 ,
970 2885 1066 2958 expo·

64 2994 98 3043 44
113 2987 260 3052 nemus,
249 2990 257 3010 ·
284 2963 349 3037 sed¹
365 2966 469 3061 qualis
499 2964 596 3038 nobis
618 2965 682 3038 elie'
702 2967 862 3043 videatur.
933 2974 984 3053 Ae
1005 2971 1065 3042 duo

111 3017 263 3151 brevitei
278 3078 395 3174 prima.
416 3076 495 3150 sunt
512 3079 601 3152 enim
619 3104 688 3151 non
702 3097 770 3152 tam
795 3080 935 3178 insignia
948 3081 990 3153 ad
1002 3106 1064 3153 ma·

110 3182 234 3256 ximam
256 3186 410 3277 laudem,
434 3213 554 3319 quani?
561 3189 765 3281 netellam,
796 3208 830 3262 et
851 3213 968 3264 tamen
992 3212 1077 3280 cutm

109 3289 221 3362 multis
239 3319 344 3389 paene
373 3297 572 3377 communia.
607 3322 731 3375 namet
756 3302 934 3392 invenire,
963 3322 996 3378 et
1018 3304 1062 3375 iu·

108 3396 238 3489 dicare,
262 3404 343 3498 quid
374 3408 486 3500 dieas,
521 3436 640 3509 magna
665 3411 719 3482 illa
745 3413 881 3509 quidem
904 3414 1003 3504 sunt,
1030 3433 1064 3485 et

107 3531 263 3608 tanquam
280 3515 381 3587 animi
404 3519 550 3594 instarin
568 3547 734 3619 corpore.
759 3521 817 3598 sed
843 3524 1061 3619 propriama-

106 3620 157 3718 gis
176 3624 393 3717 prudentiae,
421 3654 523 3725 qnam
553 3631 768 3729 eloquentiae.
805 3656 870 3728 qua
897 3633 1060 3706 tamenin

105 3731 201 3807 eausa
213 3733 260 3813 est
272 3759 379 3813 vacua
399 3738 600 3841 prudentia?
630 3742 777 3821 Noverit
796 3741 898 3846 igitur
920 3745 977 3824 hie
994 3743 1059 3848 qui·
