2302 4304
133 342 202 416 ιιι
332 272 349 299 ”
451 310 763 387 usurus.

18 548 22 555 ,
67 491 105 569 53
131 477 202 550 sieri
233 472 325 576 posse
351 475 531 574 quidquam
562 474 677 549 melius
707 474 864 574 putaret?
917 477 964 549 At
989 500 1088 566 vero,
1127 486 1129 557 ζ

129 603 300 659 utcontra
320 583 452 657 Crassus
473 585 513 656 ab
535 585 741 658 adolescente
776 586 936 678 delicato,
977 588 1087 687 quiin
1127 662 1129 669 ,

128 699 225 770 litore
254 696 421 768 ambulans
457 695 614 768 scalmum
648 695 838 794 reperisset,
871 700 920 772 ob
951 725 1086 800 eamque
1124 688 1129 741 '¹

129 831 200 878 rem
224 801 396 876 aedificare
418 827 539 909 navem
568 803 828 901 concupivisset,
854 805 992 879 exorsus
1022 806 1110 905 est,

129 921 276 994 similiter
293 919 488 992 Scaevolam
507 943 548 990 ex
568 942 638 990 uno
659 918 782 991 scalmo
810 918 992 1016 captionis,
1016 945 1086 993 cen-

130 1029 308 1105 tumvirale
329 1027 485 1100 iudicium
507 1028 695 1102 hereditatis
722 1028 881 1101 effecisse:
908 1030 1085 1104 hocinillo

130 1146 229 1221 initio
251 1143 460 1233 consecutus,
487 1143 598 1216 multis
616 1133 760 1217 eiusdem
774 1143 904 1243 generis
925 1143 1084 1218 sententiis

68 1350 70 1355 Ι
131 1259 326 1347 desesiavit‚
353 1255 545 1354 animosque
566 1257 741 1344 omnium,
777 1256 835 1356 qui
856 1258 1019 1348 aderaut,
1054 1255 1084 1327 in
1127 1344 1129 1353 Ι

131 1368 329 1457 hilaritatem
346 1393 365 1438 a
386 1367 560 1439 severitate
575 1368 734 1440 traduxit:
749 1367 912 1467 quodpest
933 1393 1035 1461 unum
1047 1391 1083 1438 ex
1127 1394 1129 1466 ζ

130 1479 254 1566 tribus,
279 1501 363 1573 quae
382 1476 451 1547 dixi
467 1475 509 1547 ab
527 1476 664 1548 oratore
685 1478 772 1550 effici
793 1478 924 1552 debere.
962 1476 1086 1550 Deinde
1127 1496 1129 1573 g

131 1585 200 1658 hoc
228 1573 368 1657 voluisse
389 1610 483 1676 eum,
521 1585 578 1685 qui
605 1585 834 1661 testamentum
860 1588 1006 1680 fecisset,
1029 1589 1088 1660 hoc
1125 1638 1129 1645 -

43 1732 46 1737 ·
132 1697 280 1789 sensisse,
317 1723 456 1799 quoquo
491 1701 597 1772 modo
626 1699 712 1775 filius
740 1726 823 1774 non.
836 1702 935 1792 esset,
974 1701 1087 1801 quiin

134 1810 225 1883 suam
252 1812 387 1884 tutelam
413 1811 570 1903 venisset,
595 1811 664 1888 srve
686 1837 756 1886 non
787 1837 904 1904 natus,
929 1813 996 1890 slve
1021 1830 1087 1886 ante

134 1943 301 2009 mortuus,
339 1924 459 1996 Curius
480 1923 575 1997 heres
598 1939 635 1998 ut
658 1923 759 1996 essett
794 1924 840 1996 ita
861 1922 1002 1997 scribere
1021 1923 1086 2020 pse·

134 2029 278 2130 rosque,
311 2048 344 2104 et
365 2031 401 2103 id
427 2032 558 2123 valere,
585 2049 624 2106 et
646 2029 780 2106 valuisse
816 2029 954 2128 semper.
1003 2034 1087 2103 Haec

134 2162 170 2216 et
192 2143 295 2216 multa
311 2142 475 2216 eiusmodi
493 2142 626 2232 dicens,
650 2139 750 2214 sidem
762 2140 920 2248 faciebat:
944 2143 1035 2241 quod
1048 2138 1088 2212 est

73 2263 119 2333 ¹9⁸
137 2279 179 2326 ex
190 2255 295 2327 tribus
312 2253 456 2328 oratoris
475 2253 593 2326 officiis
611 2252 757 2325 alterum
783 2232 944 2326 Deinde
957 2277 1090 2352 aequum

135 2365 264 2439 bommr
290 2363 561 2440 testamentorum
579 2363 748 2436 sententias
769 2364 1021 2464 voluntatesque
1036 2383 1088 2436 tu·

44 2507 47 2514 ·
136 2495 222 2550 tatus
248 2478 314 2551 est·
353 2495 472 2575 quanta
494 2475 608 2548 esset
600 2501 634 2546 m
662 2475 773 2547 verbis
795 2476 927 2571 captio,
957 2501 1034 2548 cum
1060 2475 1090 2547 in

138 2584 254 2657 ceteris
277 2585 398 2674 rebus,
422 2602 493 2657 tum
515 2585 550 2655 in
571 2581 788 2673 testamentis,
813 2581 1091 2681 sinegligerentut

139 2694 343 2768 voluntates:
369 2712 525 2792 quantam
546 2694 604 2765 fibi
624 2693 806 2790 potentiam
828 2693 987 2767 Scaevola
1012 2693 1091 2766 assu·

138 2819 259 2891 meret,
285 2802 425 2874 sinemo
443 2805 577 2876 auderet
598 2802 824 2875 testamentum
846 2803 956 2877 facere
976 2805 1092 2902 possea,

45 2935 74 3001 Q
139 2910 199 2984 nist
220 2912 261 2983 de
289 2910 373 2984 illius
393 2912 560 2985 sententia.
608 2914 702 2985 Haec
729 2939 803 2985 cum
833 2913 1001 3010 graviter,
1027 2932 1092 2987 tum

140 3023 183 3095 ab
203 3022 363 3119 exemplis
383 3021 534 3118 copiose,
572 3038 644 3093 tum
660 3022 770 3112 varie,
808 3039 879 3094 tum
902 3024 1002 3097 etiam
1019 3024 1092 3096 ridi·

141 3132 214 3206 cule
234 3152 268 3206 et
287 3131 392 3206 facete
410 3130 596 3228 explicans,
620 3149 693 3204 eam
714 3130 968 3205 admirationem
994 3132 1092 3206 assen-

87 3283 97 3300 ‹
141 3239 333 3339 fionemque
358 3239 564 3326 commovit,
589 3238 703 3311 dixisse
726 3256 900 3312 utcontra
922 3246 1024 3315 nemo
1046 3237 1092 3316 vi-

142 3344 285 3417 deretur.
335 3348 412 3420 Hoc
434 3365 503 3420 erat
519 3345 660 3419 oratoris
678 3347 825 3420 officium
842 3350 1019 3445 partitione
1031 3368 1093 3424 ter·

143 3449 252 3542 tium,
276 3479 394 3552 genere
414 3459 604 3532 maximum.
628 3461 691 3535 Hic
709 3462 763 3538 ille
785 3463 827 3535 de
846 3464 977 3561 populo
989 3463 1095 3551 iudex,

141 3586 203 3659 qur
191 3562 383 3660 separatim
402 3569 539 3642 alterum
552 3571 727 3644 admiratus
747 3571 844 3664 esset,
863 3573 977 3662 idem,
990 3571 1093 3646 audito

144 3671 269 3766 altero,
293 3677 450 3782 iudicium
472 3668 564 3755 suum
585 3701 818 3757 contemneret
837 3702 870 3756 at
886 3711 974 3760 vero
987 3681 1092 3759 intelli·

63 3801 293 4016 xgens
245 3801 279 3859 et
298 3788 435 3881 doctus,
472 3790 605 3869 audiens
624 3790 844 3892 Scaevolam,
879 3774 1016 3894 sentiret
1035 3788 1092 3869 effe
