2302 4304
636 95 639 103 ¹
679 76 689 119 l

156 297 221 343 112
380 271 469 345 DE
526 272 897 346 ORATORE

90 476 95 482 ·
149 452 264 508 natura
289 434 450 544 deorum,
471 448 570 531 quam
595 434 635 506 de
656 433 830 507 hominum
856 435 966 510 litibus
989 436 1112 512 dicere.¹

101 572 134 624 72
149 549 230 618 Non
263 546 343 621 est
335 571 396 636 ua,
419 547 527 643 inquit
559 545 733 617 Antonius.
767 546 874 618 dicam
906 549 997 621 enim
1032 551 1111 644 tibi,

150 658 285 748 Catule,
311 685 380 731 non
403 676 472 730 tam
493 657 626 743 dolius,
651 680 772 753 quam,
796 656 832 729 id
855 659 949 761 quod
976 659 1023 732 est
1042 676 1113 732 ma·

147 771 218 857 ius,
250 791 413 870 expertus.
427 762 620 842 Omnium
647 788 829 841 ceteranun
850 794 968 844 rerum
989 773 1121 863 orario‚·

27 878 31 885 ’
148 884 229 958 mibi
254 886 369 975 crede,
393 884 489 955 ludus
516 881 563 954 est
594 880 721 952 homini
744 906 814 952 non
839 882 981 985 hebeti,
1001 912 1111 984 neque

146 993 380 1086 inexercitum
402 1020 510 1093 neque
542 991 770 1066 communium
796 990 989 1068 literarum
994 1016 1028 1070 et
1048 1024 1110 1096 po-

96 1093 100 1101 ⁴
145 1104 262 1195 litioris
287 1102 495 1175 humanitatis
522 1096 672 1196 experti:
712 1098 747 1170 in
776 1097 944 1179 caularum
971 1126 1112 1181 conten-

72 1230 103 1271 ὃ
145 1215 290 1287 tionibus
316 1235 471 1309 magnum
498 1207 544 1280 est
567 1207 758 1307 quoddam
766 1232 871 1305 opus,
903 1229 1004 1310 atque
1021 1215 1112 1290 haud·

145 1326 260 1414 sciam,
290 1349 332 1394 an
353 1324 394 1394 de
421 1318 573 1392 humanis
600 1318 756 1413 operibus
785 1319 883 1418 longe
913 1324 1109 1399 maximum.

144 1436 179 1507 in
200 1433 386 1533 quibusvis
405 1430 548 1519 oratoris
565 1427 759 1527 plerumque
780 1429 822 1500 ab
839 1429 1001 1526 imperitis
1016 1436 1123 1538 exitu·

47 1599 52 1613 ,
144 1570 178 1620 et
196 1546 335 1622 villonia
348 1545 533 1627 iudicatum
551 1541 608 1612 ubi
630 1539 718 1635 adest
732 1563 873 1614 armatus
892 1542 1108 1638 adversarius,

143 1655 202 1754 qui
224 1655 262 1727 fit
284 1673 317 1728 et
341 1650 524 1739 feriendum,
552 1673 585 1722 et
613 1647 837 1745 repellendus:
863 1651 921 1723 ubi
946 1650 1042 1750 saepe
1068 1641 1121 1744 is,'

144 1763 202 1860 qui
230 1764 278 1837 rei
301 1761 462 1835 dominus
475 1759 604 1833 futurus
628 1757 694 1854 est,
729 1759 850 1833 alienus
874 1778 971 1859 atque
992 1763 1106 1856 iratus,

144 1895 201 1946 aut
227 1876 325 1947 etiam
352 1872 476 1947 amicus
503 1870 691 1945 adversario
717 1895 750 1945 et
774 1866 926 1947 inimicus
950 1875 1014 1949 tibi
1039 1877 1102 1965 est;

145 1979 307 2055 cumam
340 1981 511 2054 docendus
539 1980 568 2052 is
589 1977 660 2068 est,
693 1997 750 2052 aut
783 1977 1019 2112 dedocendus,
1053 2009 1106 2062 aut

68 2172 70 2176 ⁸
144 2094 392 2189 reprimendus,
418 2109 474 2164 aut
496 2090 698 2181 incitandus,
721 2116 776 2166 aut
803 2096 896 2167 omni
916 2094 1051 2171 ratione
1066 2100 1105 2181 ad

144 2225 290 2305 tempus,
321 2208 366 2281 ad
401 2203 548 2295 calisam,
570 2205 733 2278 oratione
758 2206 1011 2283 moderandus:-
1030 2206 1105 2307 (in

144 2341 214 2414 quo
238 2318 331 2415 saepe
349 2314 580 2412 benevolentia
602 2315 645 2386 ad
670 2300 808 2406 odium,
845 2304 961 2391 odium
994 2342 1103 2397 autem

143 2427 184 2498 ad
203 2424 466 2502 benevolentiam
485 2422 714 2497 deducendum
738 2423 801 2499 est.
816 2425 836 2524 )
868 2429 926 2526 qui
944 2447 1101 2530 tanquam

122 2530 385 2609 'machinatione
412 2528 518 2633 aliqua
545 2553 633 2642 tum
645 2535 687 2605 ad
715 2533 1039 2628 severitatem,tum
1062 2541 1102 2615 ad

142 2645 260 2723 remiis
262 2668 361 2720 onem
381 2648 501 2738 animi,
520 2633 592 2721 tum
611 2649 653 2720 ad
673 2646 957 2739 tristitiam‚tum
980 2639 1024 2724 ad
1041 2652 1102 2727 Ιειεῑ

95 2784 124 2834 73
142 2755 247 2827 titiam
273 2756 321 2828 est
345 2758 628 2854 contorquendus.
680 2758 842 2831 Omnium
873 2747 1102 2835 sententiatim

142 2867 326 2965 gravitate,
352 2869 504 2940 omnium
519 2869 702 2941 verbonun
720 2872 922 2968 ponderibus
942 2871 1034 2945 est
1005 2882 1103 2948 uten'·

73 3045 84 3061 ,
143 2978 231 3051 dum.
265 2978 410 3052 Accedat
424 2988 558 3075 oportet
578 2977 664 3050 adio
687 2981 798 3070 varia,
816 2976 1016 3069 vehemens,
1032 2985 1107 3081 pless·

142 3116 183 3161 na
208 3091 333 3183 animi,
359 3093 454 3190 plena
476 3092 626 3194 spiritus,
647 3093 746 3189 plena·
765 3096 908 3187 doloris,
926 3097 1024 3195 plena
1041 3098 1102 3176 ve·

141 3203 252 3277 ritatis.
277 3209 316 3278 ln
334 3195 385 3277 his
403 3204 559 3299 operibus
583 3194 698 3302 siquis
716 3204 802 3276 illam
824 3225 929 3279 artem·
946 3204 1103 3306 compress

71 3315 73 3322 '
141 3313 309 3402 henderit,
330 3335 397 3404 ut,
415 3333 571 3413 tanquam
597 3314 749 3406 Phidias,
779 3317 952 3392 Minervae
976 3319 1102 3418 signum
1128 3415 1130 3422 Ι

44 3461 48 3472 ·
121 3419 408 3524 ¹,ellicerepoll1t3
426 3452 495 3500 non
511 3428 585 3500 sane
597 3482 607 3517 ,
620 3428 901 3525 quemadmodum
913 3429 958 3501 'in
979 3431 1103 3530 clypeo

141 3536 230 3610 idem
248 3536 300 3609 ille
328 3536 462 3626 artifex,
489 3536 619 3608 minora
641 3537 695 3610 illa
720 3534 821 3638 o'pera
847 3539 955 3615 facere
977 3540 1105 3633 discat}

141 3643 312 3718 laborabit.
1025 3677 1028 3681 ·

84 3751 152 3830 18'
188 3757 280 3849 Tum
304 3753 464 3832 Catulus:
501 3753 583 3845 Quo
609 3751 668 3826 ista
688 3754 813 3831 maiora
837 3780 876 3831 ac
900 3755 1102 3831 mirabiliora
