2302 4304
139 304 209 385 '118
378 313 906 405 nnontrour·

50 528 63 541 .
138 472 314 560 fuderunt,
343 498 467 569 quam,
491 473 611 544 finihil
625 474 712 545 valet
726 475 901 561 materies,
919 497 1017 547 nova
1029 472 1098 546 sar·

27 577 30 586 ’
137 602 247 655 menta
261 585 384 655 cultura
398 585 591 655 excitantur.
624 585 669 656 ita
682 585 765 656 volo
779 583 843 655 effe
856 584 891 655 in
905 583 1096 673 adolescen-

137 707 188 777 te,
216 690 302 788 unde
315 690 438 785 aliquid
455 708 631 785 amputem.
679 692 760 762 Non
773 691 861 761 enim
876 691 987 788 potest
1000 692 1035 763 in
1052 716 1096 764 eo

137 794 249 869 succus
266 797 330 868 effe
348 799 542 893 diuturnus,
572 797 663 893 quod
677 798 774 870 nimis
797 800 946 873 celeriter
964 801 1012 873 est
1025 829 1096 874 ma-

92 916 123 984 89
138 906 507 978 turitatem'affecutum.
555 905 634 978 Vidi
660 905 765 978 statim
788 893 959 1001 indolem,
987 937 1097 1012 neque
1134 904 1136 909 ¹

137 1017 245 1089 dimisi
270 1037 424 1114 tempus,
462 1035 495 1090 et
507 1043 582 1088 eum
608 1017 678 1089 sum
696 1020 908 1111 cohortatus,
934 1042 971 1094 ut
984 1023 1097 1097 forum

116 1123 198 1231 xfibi
220 1125 333 1197 ludum
360 1142 489 1218 putaret
511 1123 576 1192 effe
602 1123 644 1192 ad
668 1123 866 1197 dicendum:
905 1129 1097 1227 magistrum

139 1257 248 1307 autem
264 1285 280 1325 ,
299 1258 397 1331 quem
419 1232 538 1320 vellet,
573 1231 728 1328 eligeret:
762 1259 816 1305 me
842 1236 1015 1331 quidemst
1037 1263 1097 1310 au·

140 1338 249 1428 diret,
275 1342 311 1411 L.
333 1339 494 1423 Crassum.
520 1339 610 1435 quod
640 1337 698 1410 iste
723 1341 884 1436 arripuit,
915 1365 949 1414 et
968 1342 1014 1414 ita
1032 1342 1097 1416 sese

139 1449 299 1522 facturum
316 1450 552 1549 confirmavit,
577 1473 674 1548 atque
687 1441 785 1521 etiam
805 1452 950 1542 addidit,
973 1455 1096 1550 gratiae

49 1557 53 1568 '
140 1560 268 1635 scilicet,
283 1561 393 1650 causa,
417 1585 471 1632 me
491 1584 625 1657 quoque
644 1560 702 1632 sibi
726 1560 914 1658 magistrum
938 1561 1098 1647 futurum.

45 1716 49 1723 -
141 1672 207 1769 Vix
224 1673 327 1744 annus
335 1671 560 1744 *intercesserat
581 1672 701 1742 abhoc
720 1669 870 1742 sermone
884 1671 1096 1772 cohortatio-

141 1784 191 1855 nis
204 1810 296 1856 meae
309 1789 335 1876 ‚'
352 1809 427 1857 cum
450 1780 691 1870 iste'accusavit
728 1781 768 1851 C.
792 1781 986 1855 Norbanum
1003 1837 1015 1873 ,
1040 1785 1097 1856 de-

106 1918 110 1922 ’
140 1892 295 1970 fendente
320 1921 478 1973 menon
493 1896 539 1966 est
553 1894 726 1984 credibile,
751 1896 832 1993 quid
846 1895 998 1967 intereffe
1014 1895 1096 1970 mihi

141 2001 181 2074 stt
197 2004 304 2076 visum
322 2005 409 2076 inter
429 2032 530 2094 eum,
574 2007 629 2104 qui
648 2025 719 2078 tum
742 2028 837 2096 etat,
866 2025 899 2078 et
925 2006 984 2103 qui
1009 2006 1097 2078 anno

26 2119 29 2123 ’
49 2112 51 2118 ’
141 2132 216 2186 ante
231 2115 350 2195 ‚firerat
375 2117 526 2189 Omnino
545 2117 580 2186 in
593 2118 672 2188 illud
684 2140 791 2214 genus*
798 2140 873 2187 eum
888 2114 993 2186 Craffi
1002 2141 1096 2212 mag·

43 2251 45 2255 ·
141 2225 277 2327 nificum
290 2247 386 2326 atque
408 2231 611 2326 praeclarum
633 2248 747 2300 natura
768 2229 835 2324 ipsa
854 2229 1017 2300 ducebat:
1043 2226 1097 2298 sed

142 2364 181 2411 ea
193 2323 270 2412 non¹
284 2341 357 2426 satis
375 2342 537 2439 proficere
560 2343 738 2438 potuiffet,
769 2338 828 2410 nist
850 2341 970 2412 eodem
988 2339 1096 2410 studio

142 2447 437 2547 atque'imitatione
460 2453 666 2540 intendisset,
692 2469 790 2548 atque
808 2450 852 2522 ita
881 2448 990 2521 dicere
1011 2473 1096 2520 con-

78 2609 81 2617 ·
142 2559 257 2632 suesset
267 2615 290 2658 ,A
298 2581 334 2632 ut
350 2585 421 2634 tota
434 2582 544 2635 mente
555 2562 721 2651 Crassum,
746 2578 842 2658 atque
865 2558 958 2630 omni
984 2558 1097 2630 animo

82 2692 126 2743 22
142 2672 331 2744 intueretur.
357 2677 449 2770 Ergo
465 2677 532 2748 hoc
545 2676 740 2771 srtprimum
757 2673 791 2743 in
802 2671 983 2769 praereptis
993 2671 1095 2759 m'eis,

85 2805 128 2854 v90
143 2802 179 2854 ut
200 2779 481 2869 demonstremus,
509 2810 609 2881 quem
635 2784 804 2873 imitetur,
834 2801 930 2878 atque
949 2780 1017 2870 ita,
1040 2805 1096 2870 ut,

140 2914 227 2988 :quae
245 2892 387 2964 maxime
403 2893 562 2965 excellant
580 2895 613 2963 in
627 2917 686 2981 eo,
714 2920 812 2991 quem
827 2891 1034 2982 imitabitur,
1059 2917 1096 2962 ea

75 3022 99 3058 θ
144 2999 381 3097 diligentiffnne
397 3005 616 3103 persequatur.
634 3023 705 3075 tum
728 3006 860 3078 accedat
881 3002 1096 3092 exercitatio,

143 3135 208 3204 qua
218 3110 330 3205 illum,
358 3138 456 3210 quem
479 3131 556 3202 ante
573 3111 746 3210 delegerit,
769 3113 928 3184 imitando
938 3113 1096 3209 effingat,

143 3239 241 3317 atque
258 3223 303 3294 ita
319 3226 506 3321 exprimat-3
531 3249 600 3296 non
614 3242 651 3296 ut
672 3225 794 3297 multos
815 3224 996 3296 imitatores
1025 3222 1095 3294 sae-

143 3326 186 3426 pe'
199 3334 362 3427 cognovi,
388 3336 445 3432 qui
458 3359 513 3408 aut
524 3361 582 3421 ea,
609 3362 692 3434 quae
708 3335 812 3406 facilia
826 3334 915 3423 sunt,
928 3334 1095 3406 autetiam

54 3452 67 3479 ‘¹
110 3514 114 3520 ,
143 3436 216 3522 illa,
230 3459 312 3534 quae
326 3439 460 3537 insignia
473 3469 510 3514 ac
520 3469 621 3538 paene
635 3443 769 3527 vitiosa,
795 3441 1019 3514 consecuntur
1028 3441 1097 3511 imi·

97 3584 126 3636 91
142 3551 255 3625 tando.
304 3552 395 3622 Nihil
412 3554 457 3624 est
489 3551 645 3642 facilius,
665 3580 763 3650 quam
793 3549 946 3624 amictum
972 3550 1096 3623 imitari

142 3665 300 3752 alicuius,
326 3681 380 3734 aut
401 3664 541 3752 statum,
576 3687 631 3738 aut
653 3685 790 3739 motum.
838 3668 871 3737 Si
892 3690 977 3739 vero
995 3665 1095 3736 etiam

142 3779 272 3852 vitiose
292 3778 415 3876 aliquid
432 3777 503 3868 est,
534 3778 569 3850 id
591 3778 738 3873 sumere,
774 3781 854 3854 etin
871 3792 918 3853 eo'
935 3780 1106 3877 vitiosum·
