2302 4304
110 310 181 387 3ω
441 281 753 361 subtus

107 402 186 522 neie
217 445 385 545 virtutis,
420 449 482 522 hac
517 468 629 522 tamen
657 449 718 521 fuit
756 447 851 522 laude
876 446 1082 525 ctariffimus.

14 600 18 607 ·
53 630 57 635 .
109 559 268 631 Cleonem
288 562 388 633 etiam
418 560 625 657 temporibus
651 560 745 650 illis,
777 560 1006 634 turbulentum
1039 561 1078 631 il·

109 665 178 737 lum
216 667 351 764 quidem
379 669 513 757 civem,
539 666 593 739 sed
619 686 730 740 tamen
751 668 965 767 eloquentem
994 692 1078 740 con·

61 790 94 852 2'9
110 775 169 849 stat
193 778 297 851 fuisse.
310 781 396 859 Huic
417 779 513 852 aetati
538 778 690 876 suppares
710 778 920 866 Alcibiades,
941 778 1080 864 Critias,

109 893 332 967 Theramenes
347 923 355 966 :
368 896 487 993 quibus
519 895 725 990 temporibus
746 893 840 991 quod
866 893 1000 964 dicendi
1020 916 1086 991 ge3

110 1028 171 1075 nus
183 1006 343 1102 viguerit,
362 1033 403 1078 ex
426 1005 640 1104 Thucydidis,
661 1005 811 1102 scriptis,
845 1006 903 1102 qui
926 1004 993 1100 ipse
1008 1021 1077 1075 tum

110 1111 174 1184 suit
187 1167 198 1202 ,
212 1115 349 1215 intelligi
375 1119 519 1189 maxime
543 1117 660 1214 potest.
681 1119 818 1215 grandes
832 1133 927 1188 erant
950 1113 1099 1200 verbis„

110 1224 218 1295 crebri
239 1225 431 1317 sententiis,
453 1228 694 1324 comprelhone
731 1221 841 1300 rerum
876 1227 1026 1313 breves,
1046 1244 1077 1295 et

73 1333 158 1421 gob
194 1360 264 1407 eam
294 1337 395 1430 ipsam
425 1338 552 1411 causam
576 1340 740 1412 interdum
777 1336 981 1411 subobscuri.
1017 1333 1076 1408 Sed

64 1476 96 1527 30
112 1459 148 1513 ut
172 1442 366 1517 intelleslum
397 1447 463 1536 est,
476 1444 639 1544 quant'am,
653 1451 724 1524 vim
744 1450 881 1522 haberet
904 1463 1077 1535 accurata,

35 1616 38 1623 ,
111 1566 144 1620 et
165 1546 249 1620 faeta
267 1554 519 1648 quodammodo
547 1558 683 1643 orati03
705 1578 776 1632 tum
806 1557 907 1629 etiam
935 1554 1077 1653 magistri

111 1658 243 1730 dicendi
267 1662 362 1733 multi
390 1662 498 1736 subito
537 1664 729 1762 exstiterunt
760 1691 769 1736 ε
796 1681 867 1736 tum
899 1663 1085 1735 leontinus·

112 1758 552 1873 Gorgias,Thrasymachus
576 1762 844 1856 Chalsedonius,
883 1775 1079 1868 Protagoras

113 1878 308 1967 Abderites,
327 1883 487 1955 Prodicus
520 1885 628 1972 Ceus,
660 1883 797 1978 Hippias
824 1881 950 1968 Eleus,
967 1881 1003 1949 in
1019 1880 1079 1950 ho-

113 1998 196 2059 nore
221 2016 345 2088 magno
371 1993 456 2082 fuit,
478 1995 597 2092 aliique
618 1993 713 2065 mtdti
731 1993 937 2088 temporibus
952 1970 1080 2062 hisdem

113 2103 233 2177 docere
263 2107 296 2180 se
313 2109 578 2205 profitebantur,
601 2106 829 2205 arrogantibus
858 2105 932 2177 sane
948 2101 1082 2191 verbis,

113 2220 393 2313 quemadmodum
419 2222 512 2296 causa
530 2217 706 2316 inferior(
726 2220 771 2290 ita
792 2218 881 2288 enim
904 2213 1082 2311 loqueban-

18 2357 21 2363 ·
64 2368 93 2420 3¹
113 2329 197 2426 tur)
217 2330 361 2404 dicendo
399 2332 471 2404 fieri
485 2330 633 2427 superior
652 2326 770 2424 posset.
787 2327 829 2398 lis
850 2323 1008 2421 opposuit
1023 2318 1084 2392 sese

77 2520 81 2529 ι
112 2439 283 2531 Socrates,
306 2443 364 2540 qni
378 2442 549 2515 subtilitate
570 2440 710 2537 quadam
730 2437 915 2534 disputandi
937 2432 1085 2507 refellere

113 2575 231 2622 eonrm
255 2552 399 2626 instituta
427 2553 553 2623 solebat
579 2550 698 2622 verbis¹
716 2548 822 2620 Huius
842 2573 885 2620 ex
912 2542 1087 2618 uberrimis

113 2665 317 2736 sermonibus
330 2661 538 2764 'eastiterunt
565 2666 740 2747 dottiffimi
769 2665 860 2749 viri;
876 2662 1086 2760 primumque

113 2788 182 2843 turn
210 2771 440 2870 philosophia,
470 2801 539 2848 non
565 2776 621 2854 illa
650 2776 851 2863 denatura,
878 2797 963 2871 quae
982 2771 1086 2842 fuerat

112 2881 299 2978 antiquior,
322 2882 377 2953 sed
395 2883 509 2968 haec,
539 2881 573 2952 in
608 2907 674 2978 qua
704 2883 745 2954 de
785 2880 882 2954 bonis
923 2880 1022 2951 rebus
1055 2892 1086 2948 et

114 2993 241 3080 malis,
275 2993 380 3091 deque
410 2992 586 3064 hominum
611 2992 682 3066 vita
708 3013 742 3064 et
763 2991 911 3063 moribus
943 2986 1086 3084 disputa·

114 3123 194 3192 tur,
216 3103 352 3177 inventa
373 3101 503 3175 dicitur.
522 3099 615 3196 quod
630 3099 788 3197 quoniam
811 3121 913 3195 genus
939 3094 1084 3180 abhoc,

45 3287 48 3297 ,
116 3208 209 3307 quod
230 3209 489 3307 proposuimus,
510 3200 668 3286 abhorret
683 3201 926 3300 ,philosophos
954 3198 1040 3269 aliud
1053 3198 1085 3266 in

115 3335 246 3413 tempus
268 3312 454 3392 reiiciamus
469 3346 481 3405 ;
495 3306 718 3389 adoratores
733 3367 744 3403 ,
769 3339 788 3384 a
804 3312 922 3410 quibus
953 3302 1084 3404 degresfi

67 3455 100 3508 32
116 3428 249 3518 sumus,
270 3448 485 3502 revertamur.
524 3426 652 3500 Exstitit
674 3424 775 3522 igitur
805 3423 870 3493 iam
893 3418 1023 3492 senibus
1047 3413 1083 3485 il-

117 3539 181 3626 lis,
210 3550 294 3635 quos
318 3539 418 3632 paulo
442 3557 516 3610 ante
541 3537 704 3624 diximus,
719 3533 898 3620 Isocrates,
913 3530 1007 3603 cuius
1024 3528 1083 3598 do-

106 3671 191 3743 ,mus
218 3647 353 3719 eundae
375 3649 535 3719 Graeciae
563 3645 652 3744 quast
680 3642 775 3715 ludus
799 3640 934 3739 quidam
959 3635 1081 3735 patuit,

105 3748 216 3854 'atque
240 3758 375 3832 officina
411 3755 561 3846 dicendi,
581 3777 719 3851 magnus
744 3768 858 3824 orator
869 3786 884 3840 ,·
904 3765 938 3820 et
954 3742 1095 3842 perfec*¹
