2302 4304
1122 124 1125 231 l

135 360 249 441 250,
373 333 464 412 oe
511 329 887 407 onAToan
1082 280 1125 427 l

131 500 220 573 enim
245 497 319 572 sunt
350 498 500 595 membra
527 496 562 569 in
593 495 759 594 utriusque
790 492 1083 592 disputationibus,¹
1122 500 1125 575 l

132 609 187 682 sed
208 609 309 707 paulo
340 609 430 686 secus
457 635 476 681 a
502 612 579 700 ine,
607 630 704 706 atque
725 607 767 679 ab
797 606 879 698 illo,
903 607 1024 704 partita
1047 634 1082 680 ac

132 718 321 793 distributae
360 721 457 792 Nunc
487 720 530 790 ad
565 719 690 816 reliqua
722 717 936 814 progrediar,
971 743 1081 816 meque

124 823 175 895 'ad
199 848 310 897 meum
333 850 451 899 munus
476 823 678 923 pensumque
702 822 884 896 revocabo.
934 825 1022 894 Nam
1042 847 1080 893 ex

45 969 47 975 ·
130 931 196 1008 illis
230 934 330 1024 locis,
361 959 446 1034 quos
472 931 626 1032 exposuit
654 933 841 1022 Antonius,
866 931 983 1003 omnia
1015 930 1080 1002 sunt

131 1046 174 1116 ad
200 1071 356 1144 quaeque
389 1071 510 1144 genera
543 1042 772 1142 quaestionum
807 1060 1003 1140 argumenta
1032 1016 1125 1113 su·

131 1154 273 1226 menda:
301 1152 356 1225 sod
379 1153 449 1227 aliis
476 1153 649 1252 genetibus
679 1152 735 1225 alii
764 1151 832 1223 loci
859 1149 965 1247 magis
993 1165 1081 1221 erunt

131 1260 226 1356 apti;
254 1261 392 1358 dequo
423 1286 495 1333 non
526 1281 594 1340 tam
623 1261 700 1359 quia
731 1261 869 1359 longum
893 1257 960 1352 est,
991 1278 1101 1360 quam'

133 1373 212 1469 quia
238 1369 468 1467 perspicuum,
498 1373 565 1445 dici
591 1373 674 1446 nihil
699 1372 747 1445 est
768 1370 906 1444 necesse.
983 1373 989 1383 '

63 1503 113 1540 >¹20
178 1477 409 1553 Ornatislimae
431 1480 504 1552 sunt
528 1479 628 1579 igitur
653 1481 821 1554 orationes
840 1504 915 1568 eae,
936 1503 1022 1576 quae
1043 1478 1080 1549 la·

131 1594 249 1668 tissrm'e
257 1614 442 1694 vagantur,
458 1614 519 1669 eta
527 1595 657 1692 privata
673 1620 711 1666 ac
723 1591 874 1691 singulari
886 1611 1081 1664 controver-

131 1705 175 1778 lia
186 1706 219 1780 se
232 1708 275 1780 ad
287 1706 430 1783 univerfi
442 1708 570 1805 generis
580 1705 651 1779 vim
663 1703 890 1801 explicandam
911 1699 1083 1773 conserunt

39 1858 44 1875 =
130 1833 165 1890 et
188 1833 401 1908 convertunt,
416 1836 453 1890 ut
476 1818 517 1907 ii,
534 1816 593 1914 qui
615 1816 757 1904 audiant,
771 1831 897 1903 natura,
910 1832 944 1884 et
959 1835 1084 1910 genere,

130 1943 165 1997 et
191 1925 404 2000 universate
434 1925 567 2023 cognita
591 1926 631 1998 de
659 1924 792 2022 fingulis
814 1923 897 2008 reis,
920 1938 954 1993 et
981 1921 1083 1994 trinti-

66 2064 110 2104 ιιι
131 2030 246 2122 nibus,
277 2053 311 2104 et
342 2032 453 2105 litibus
479 2031 616 2103 statuere
641 2029 772 2128 possint.
820 2030 917 2101 Hanc
943 2029 988 2101 ad
1014 2053 1113 2107 con·s

61 2183 67 2198 ,
131 2138 336 2213 suetudinem
370 2139 615 2213 exercitationis
647 2165 732 2230 vos,
766 2136 1014 2227 adolescentes,
1041 2135 1083 2208 ell

131 2248 325 2324 cohortatus
351 2249 534 2340 Antonius,
556 2267 653 2346 atque
679 2276 706 2322 a>
721 2249 855 2320 minutis
881 2246 1083 2346 angustisque

131 2361 434 2435 concertationibus
467 2361 509 2431 ad
546 2384 683 2432 omnem
718 2359 790 2434 vim
826 2358 1083 2454 varietatemque

131 2495 196 2544 vos
223 2470 397 2544 differendi
430 2471 650 2544 traducendos
683 2468 823 2568 putavit.
870 2469 1084 2560 Quaremon

132 2578 178 2651 est
205 2606 386 2676 paucorum
417 2581 606 2655 libellorum
632 2583 699 2655 hoc
724 2603 866 2669 munus,
889 2597 928 2650 ut
959 2577 1001 2666 ii,
1032 2575 1085 2674 qui
1118 2610 1120 2616 2

93 2790 95 2795 Ι
131 2685 326 2782 scripsettmt
347 2691 389 2761 de
415 2692 546 2767 dicendi
569 2694 717 2783 tatione,
746 2688 893 2764 arbitrati
922 2688 1014 2773 sunt,
1039 2712 1085 2758 ne

54 2818 59 2829 ·
130 2819 197 2893 que
232 2799 429 2890 Tusculani,
455 2820 551 2901 atque
576 2805 671 2878 huius
695 2797 924 2876 ambulationis
951 2821 1084 2894 anteme-

22 2918 24 2923 ’
90 3008 93 3014 ¹
131 2906 296 2998 ridianae,
317 2928 372 2983 aut
394 2910 522 2985 nostrae
541 2915 786 3010 pomeridianae
811 2906 965 2982 sessionis.
1009 2909 1101 2980 Non·

23 3046 29 3058 ‘
131 3014 222 3090 enim
242 3015 346 3090 solum
369 3021 515 3093 acuenda
540 3022 650 3112 nobis,
672 3046 779 3120 neque
801 3013 1017 3115 producenda
1035 3014 1085 3084 lin·

133 3152 199 3223 gua
224 3129 292 3217 est;
317 3130 374 3205 sed
404 3132 609 3205 onerandum
644 3131 943 3231 complendumque
979 3125 1086 3222 petrus

134 3237 357 3314 maximarum
382 3263 557 3331 rerumvet
582 3243 796 3341 plurimarum
824 3239 1003 3326 suavitate,
1028 3240 1084 3308 co·

66 3357 112 3451 3¹
134 3344 206 3442 pia,
229 3348 397 3425 varietate.
445 3352 566 3425 Nostra
591 3351 639 3424 est
652 3351 748 3424 enim
776 3341 818 3449 (sr
840 3344 946 3418 modo
965 3354 1029 3416 nos
1049 3365 1086 3412 o·

24 3458 25 3463 ’
61 3477 121 3539 ιιιι·
135 3474 262 3531 ratores
291 3457 417 3549 sumus,
447 3462 471 3536 fi
500 3466 536 3538 in
567 3465 693 3539 civium
725 3458 1033 3560 disceptationibus,
1063 3452 1085 3529 st

134 3563 170 3635 in
191 3563 361 3664 perieulis,
387 3568 411 3639 sr
442 3571 478 3646 in
508 3571 793 3647 deliberationibus
824 3563 963 3667 publicis
993 3563 1084 3641 adhi-

134 3670 234 3744 bendi
267 3675 415 3750 audores
434 3671 483 3750 fet
504 3679 676 3777 ‚principes
705 3676 845 3775 sumus)
877 3673 989 3748 nostra
1018 3671 1084 3757 est,

134 3777 291 3878 inquam,
321 3787 441 3863 omnis,
459 3786 517 3880 itta
537 3791 730 3889 prudentiae
749 3787 984 3885 domnoque
1008 3777 1081 3881 posr

63 3964 73 4007 ι’
