2302 4304
25 240 36 261 ⁶
130 302 199 395 3m
449 299 758 372 saurus

59 543 64 552 q
126 461 236 547 vien,
272 476 305 531 et
330 480 396 529 una
424 460 492 531 Ser.
534 461 650 534 Fabius
692 461 831 548 Pictor,
871 464 906 532 et
927 461 1018 534 'iuris
1051 476 1077 534 et

125 573 318 662 literannn‚
340 590 373 644 et
394 574 594 671 antiquitatis
626 575 708 646 bene
747 571 882 669 peritus.
932 573 1075 667 Quintus·
1120 624 1130 641 ..

126 709 193 779 que
224 682 341 755 Fabius
357 684 468 754 Labeo
494 681 556 754 fuit
580 701 713 773 ornatus
741 682 858 756 iisdem
892 682 963 755 fere
990 683 1078 754 laudi·
1123 686 1132 729 ²³

126 789 198 864 bus.
267 792 353 864 Narn
389 796 438 886 Q.
462 792 646 882 Metellus,
694 793 759 884 is,
817 786 909 865 cuius
951 813 1079 890 quatuor

128 892 188 965 filii
214 897 398 970 consulares
431 898 582 988 fuerunt,
603 898 639 970 in
659 900 774 996 primis
795 899 842 971 est
869 898 998 971 habitus
1023 899 1080 969 elo·
1124 904 1132 939 ⁴

129 1028 256 1102 quens,
292 1008 349 1104 qui
378 1033 440 1104 pro
473 1012 510 1080 L.
534 1010 636 1082 Cotta
663 1011 771 1100 dixit,
814 1009 987 1084 accusante
1008 1007 1082 1080 Afri·
1127 1058 1132 1102 a»,

130 1145 236 1206 can03
263 1123 354 1194 cuius
381 1146 415 1194 et
430 1123 510 1195 abae
537 1123 610 1196 sunt
627 1125 821 1214 orationes,
856 1142 890 1196 et
914 1120 1082 1196 contraTi.

85 1263 116 1312 e:
130 1233 321 1304 Gracchum
330 1235 477 1329 exposita
494 1232 539 1305 est
554 1234 589 1304 in
608 1234 648 1304 C.
665 1237 779 1307 Fannii
798 1236 980 1307 annalibus.
1008 1237 1082 1306 Tum

129 1341 198 1436 ipse
218 1342 256 1411 L.
279 1341 381 1413 Cotta
399 1362 566 1415 veterator
598 1344 749 1437 habitus,
769 1346 823 1419 sed
845 1347 886 1418 C.
911 1346 1038 1418 Laelius
1057 1360 1083 1426 et

130 1452 168 1551 Ρ.
188 1447 361 1523 Africanus
384 1452 419 1523 in
436 1454 556 1550 primis
575 1454 784 1552 eloquentes:
807 1468 954 1554 quorum
969 1457 1083 1530 exstant

131 1558 323 1650 orationes,
347 1586 389 1633 ex
402 1563 521 1659 quibus
542 1564 721 1637 existimari
748 1569 788 1640 de
809 1569 951 1665 ingeniis
971 1586 1081 1640 ,orato-

131 1696 209 1743 rum
228 1671 346 1766 potest.
394 1676 457 1746 Sed
475 1677 559 1749 inter
576 1678 638 1749 bos
650 1663 678 1764 ,¹
697 1698 800 1751 aetate
824 1682 961 1774 paulum
974 1681 1023 1752 bis
1034 1691 1099 1752 an?

132 1781 311 1872 tecedens,
342 1783 408 1854 srne
422 1785 648 1860 controversia
674 1789 742 1858 Ser.
770 1784 876 1856 Galba
906 1786 1083 1884 eloquentia
1109 1794 1117 1813 ³

133 1895 311 1990 praestitit:
337 1915 370 1970 et
389 1899 546 1969 nimirum
560 1899 587 1971 is
601 1900 752 1994 princeps
771 1923 813 1968 ex
827 1897 970 1988 Latinis,
995 1899 1088 1970 illao·

65 2067 70 2074 .
133 2025 280 2077 rarorum
304 2009 463 2105 propria,
481 2028 514 2079 et
528 2010 615 2106 quast
631 2010 777 2107 legitima
797 2035 901 2107 opera
924 2010 1089 2095 tractavit,

133 2144 173 2193 ut
183 2122 421 2220 egrederetura
441 2123 615 2219 proposito
639 2123 780 2216 ornandi
798 2123 911 2211 causa,
934 2141 971 2193 ut
995 2123 1089 2193 delec-
1130 2120 1132 2125 ’

134 2254 219 2308 taret
249 2235 398 2325 animos,
419 2258 454 2308 ur
476 2252 706 2332 permoveret,
731 2222 768 2304 ut
791 2252 923 2331 augeret
945 2257 1043 2321 rem,
1062 2248 1092 2301 ut

135 2347 413 2433 miserationibus,
439 2367 476 2420 ut
492 2349 726 2425 commemibus
743 2348 1009 2418 locisuteretur,
1045 2343 1091 2416 sed

136 2466 248 2537 nescio
270 2466 446 2551 quomodo
472 2465 595 2552 buius,
621 2489 718 2560 quem
750 2459 880 2533 constat
905 2457 1094 2560 'eloquentia

136 2575 325 2670 praestitisse
339 2626 359 2662 ‚·
371 2576 523 2646 exiliores
544 2574 711 2645 orationes
733 2572 828 2656 sunt,
853 2587 886 2641 et
909 2567 1094 2639 redolentes

120 2687 243 2782 ‘magis
266 2688 524 2780 antiquitatem,
550 2704 650 2781 qrram
664 2710 719 2759 aut
732 2683 855 2770 Laelii,
889 2697 947 2752 aut
965 2679 1093 2772 Scipio·

136 2796 207 2882 nis,
231 2795 416 2894 autetiam
436 2794 533 2889 ipsius
559 2797 723 2868 Catonis:
749 2793 860 2889 itaque
886 2806 1099 2872 exaruerunt,

48 2974 50 2978 ,
139 2904 199 2975 vix
221 2904 286 2974 iarn
307 2923 343 2975 ut
357 2924 542 2999 appareant.
910 2965 916 2973 .

93 3033 124 3100 a,
188 3016 244 3087 De
264 3013 359 3108 ipsius
378 3013 476 3084 laelii
495 3032 527 3084 et
546 3012 709 3108 Scipionis
722 3006 878 3107 ingeni0,
900 3028 1099 3102 quamquam

31 3168 36 3173 -
140 3150 181 3195 ea
196 3129 260 3196 iam
277 3124 322 3197 cll
336 3126 454 3221 opinio
463 3178 474 3210 ‚
499 3146 536 3196 ut
552 3125 729 3220 plurimum
744 3122 912 3193 tribuatur.
922 3117 1101 3198 ambobus3

141 3223 271 3306 dicendi
287 3256 397 3309 tamen
410 3237 477 3310 laus
496 3237 593 3308 estin
618 3235 728 3307 Laelio
749 3230 917 3302 illustrior.
968 3230 1014 3299 At
1028 3251 1101 3299 ora·

141 3338 191 3410 tio
205 3341 304 3412 Laelii
329 3344 369 3413 de
392 3343 556 3439 collegiis,
581 3358 656 3412 non'
674 3341 815 3428 melior,
841 3362 942 3434 quam
958 3335 999 3406 de
1019 3333 1102 3405 mul-

94 3495 97 3501 ·
141 3454 185 3526 ris
204 3481 301 3552 quam
319 3455 623 3554 voles,Scipionis:
649 3481 719 3526 non
738 3479 807 3552 quo
825 3452 878 3522 illa
892 3449 996 3520 Laelii
1010 3448 1103 3546 quid·

140 3591 241 3664 quana
264 3565 302 3673 fit
319 3567 466 3663 dulcius,
492 3586 547 3639 aut
565 3566 658 3665 quod
681 3566 722 3636 de
740 3565 901 3662 religione
919 3561 988 3633 dici
1005 3560 1104 3658 poffit

142 3676 307 3773 augustius
316 3702 327 3762 3
353 3676 408 3748 sed
429 3678 535 3749 multo
549 3700 660 3750 tamen
673 3675 859 3763 vetustior,
884 3692 917 3745 et
931 3673 1104 3748 horridior

142 3790 219 3882 ille,
242 3816 342 3889 quam
353 3791 482 3887 Scipio:
506 3807 561 3880 et,
588 3815 663 3861 cum
681 3787 745 3861 fint
769 3785 973 3861 indicendo
993 3784 1105 3861 variae
