2302 4304
123 321 193 420 qe
409 315 810 447 oraton..

60 429 1073 576 mummmmmmmmmmff

124 589 255 679 verbis,
280 588 321 660 ad
343 610 414 660 eam
437 588 585 679 laudem,
610 608 712 686 quam
731 588 913 677 volumno,
939 588 1074 685 adspira·
1117 588 1119 593 ’

125 724 162 773 ιε
184 722 254 771 non
276 698 415 793 possunt.
464 699 521 772 De
543 722 622 796 quo
636 723 712 771 cum
734 688 819 768 mihi
841 696 1053 816 deinceps
1019 723 1072 769 vr·

127 803 240 876 derem
262 800 326 873 effe
348 802 542 892 dicendum,
566 801 623 874 etfi
643 801 852 877 movebant
843 825 911 872 ram
933 820 987 874 me
1005 799 1073 889 illa,

127 936 212 1010 quae
236 910 331 1007 supra
360 911 529 1001 dixeram,
550 928 661 984 tamen
682 910 738 1000 iis,
770 931 854 1035 quae
881 900 1119 1006 sequuntur,

127 1023 340 1120 perturbabar
358 1024 472 1120 magis.
519 1021 725 1098 Occurrebat
743 1021 856 1106 enim,
881 1019 976 1116 poffe
989 1043 1073 1145 repe
1108 1108 1114 1119 ἱ

127 1134 186 1208 riri
207 1160 276 1207 non
289 1135 422 1207 invidos
441 1134 567 1225 solum,
593 1135 751 1233 quibus
728 1129 851 1210 referta
870 1130 944 1204 sunt
958 1130 1075 1219 omnia,

128 1240 184 1313 sed
201 1240 347 1312 fautores
369 1241 469 1312 etiam
489 1265 636 1315 rneanun
648 1235 805 1329 laudum,
827 1239 889 1336 qui
918 1263 991 1310 non
1006 1242 1104 1333 cen-.’

129 1348 280 1421 serent
252 1371 321 1421 erus
334 1348 401 1418 viri
425 1347 508 1436 esse,
534 1348 575 1420 de
592 1349 684 1420 cuius
700 1345 825 1420 meritis
843 1365 937 1436 tanta
958 1328 1077 1420 senatus

73 1454 78 1459 ’
128 1453 248 1526 iudicia
285 1450 427 1541 fecisset,
466 1454 708 1551 comprobante
745 1450 873 1550 populo
904 1454 1077 1537 Romano,

128 1583 249 1663 quanta
267 1564 307 1638 de
338 1563 450 1654 nullo,
488 1564 528 1634 de
558 1561 700 1636 artificio
729 1563 868 1649 dicendi¹
888 1563 995 1638 literis
1016 1585 1075 1636 tarn

39 1682 45 1691 '
129 1679 233 1755 multa
249 1679 415 1750 mandare.
463 1674 721 1770 Quibussrnihil
738 1675 825 1748 aliud
836 1677 1076 1773 responderem,

65 1818 72 1835 ·
129 1788 207 1880 nisa,
232 1814 286 1862 me
301 1791 348 1860 M.
365 1791 469 1860 Βιιιιο
480 1790 598 1884 negare
617 1784 748 1883 roganti
767 1783 928 1875 noluisse,
949 1781 1077 1857 iustaes

122 1895 177 1968 set
194 1896 382 1981 excusatio,
410 1921 487 1995 curn
510 1914 543 1968 et
562 1891 772 1983 amiciffimo,
801 1910 835 1968 et
856 1892 1078 1990 maestantisfi·

129 2027 189 2074 mo
210 2003 309 2088 viro,
335 2020 369 2074 et
398 2006 485 2076 resia
506 2020 540 2076 et
562 2001 697 2074 honesta
722 2003 870 2100 petenti,
906 1998 1083 2096 satisfacere*

67 2144 110 2194 ιιι
131 2109 315 2185 voluissem
338 2111 403 2183 Sed
419 2112 443 2182 ιι
459 2108 632 2207 profiterer
646 2109 756 2210 (quod
769 2112 899 2189 urbiam
911 2111 1078 2210 posseml)

129 2245 183 2292 me
193 2219 343 2293 studiosis
351 2221 481 2293 dicendi
493 2241 678 2318 praecepta,
688 2239 721 2293 et
736 2221 826 2319 quafi
841 2223 934 2312 viar,
946 2248 1030 2320 quae
1041 2221 1079 2312 ad

127 2327 354 2423 eloquentiam
375 2325 519 2413 ferrent,
555 2329 769 2402 tradittuum:
794 2329 869 2427 quis
883 2332 1027 2405 'tandem
1046 2331 1079 2404 id

127 2435 227 2509 iustus
244 2460 358 2513 rerum
378 2435 565 2512 aestimator
582 2439 859 2534 reprehenderet?
906 2443 994 2516 Nam
1011 2442 1079 2540 quis

125 2573 272 2644 unquam
294 2550 480 2639 dubitavit,
502 2548 583 2647 quin
600 2549 635 2623 in
636 2551 815 2648 republica
833 2552 944 2625 nostra
961 2554 1079 2651 primas

125 2660 312 2755 eloquentia
343 2650 484 2735 tenuerit
513 2661 659 2788 semper,
695 2665 850 2755 urbanis,
889 2668 1075 2793 pacatisque

125 2769 240 2877 rebus;
279 2769 495 2862 secundas,
486 2775 567 2847 ruris
596 2777 754 2849 scientia?
792 2804 869 2850 curn
893 2778 929 2851 in
960 2781 1077 2877 altera,

124 2854 268 2975 gratiae,
295 2878 443 2977 gloriae,
466 2883 614 2977 praefidii
635 2887 812 2988 plurimum
836 2886 933 2974 esset;
957 2887 1076 2960 inalte-

123 3013 158 3061 ra
164 2990 470 3088 ,persecutionunr,
496 3012 757 3096 cautionumque
765 3020 983 3096 praeceptio
998 3012 1084 3101 quac'

124 3105 259 3197 quidem
280 3104 348 3202 ipsa
369 3104 522 3177 arixilium
545 3107 587 3179 ab
604 3109 792 3207 eloquentia
814 3111 910 3207 saepe
934 3129 1075 3209 peteret,

122 3233 160 3279 ea
182 3239 267 3286 vero
288 3238 491 3314 repugnante
511 3220 572 3292 vix
590 3221 661 3294 suas
683 3223 836 3320 regiones
856 3221 1006 3322 finesque
1030 3223 1075 3295 de

61 3348 104 3391 ιιι
121 3319 278 3397 senderet.
311 3330 422 3401 Cur
406 3331 513 3433 igitur
531 3333 580 3404 ius
600 3333 699 3406 civile
712 3334 835 3406 docere
859 3333 990 3433 semper
1008 3335 1076 3432 pul·

121 3433 239 3507 cbruru¹
269 3435 358 3523 suit,
376 3440 617 3539 hominumque
639 3443 889 3518 claritfimorum
917 3445 1075 3544 discipulis

117 3541 305 3619 floruerunt
326 3545 463 3633 domus3
488 3551 530 3624 ad
547 3551 723 3622 dicendum
745 3552 770 3622 sr
789 3553 863 3654 quis
881 3572 997 3644 acuat,
1025 3575 1075 3625 aut

120 3649 282 3727 adiuvet
273 3680 307 3728 ιιι
323 3680 365 3731 eo
382 3655 606 3750 iuventutem,
632 3661 858 3757 vituperetur?
883 3666 974 3737 Nam
986 3609 1057 3736 li
1025 3690 1073 3738 ιι·

118 3759 245 3837 ciosum
262 3766 309 3841 est
328 3768 436 3844 dicere
450 3764 567 3847 ornate
576 3774 741 3874 ,pellattu
754 3773 896 3849 omnino
904 3801 931 3849 e
934 3777 1074 3855 civitate
