2302 4304
71 234 73 239 ’
143 284 213 362 ¹54
379 258 477 337 bs·
517 221 922 340 o'nrroaa'

131 425 294 497 tribunos
315 423 418 522 plebis
440 426 568 515 creari,
592 446 699 526 neque
712 386 1098 528 plebiscitistotiescom

142 536 279 609 sularem
301 530 493 634 potestatem
512 541 642 632 minui,
667 566 788 640 neque
792 542 1071 638 provocationem
1084 598 1102 634 ,

143 670 315 747 patronam
343 649 430 723 illam
457 651 623 737 civitatis,
657 675 696 723 ac
719 651 888 726 vindicem
918 651 1100 739 libertatis,

143 761 270 860 populo
296 763 452 834 Romano
469 763 540 835 dari
561 762 627 835 stne
640 762 802 836 nobilium
818 761 1014 836 diuenfione
1036 787 1101 860 po·

143 869 260 943 tuisse:
276 871 368 962 ac‚sr
388 872 460 944 illae
481 871 656 945 seditiones
674 869 766 944 saluti
786 870 863 942 huic
881 869 1010 943 civitati
1021 866 1107 954 fiais&

142 978 237 1070 sent,
259 1005 331 1054 non
354 984 514 1073 continuo
528 1034 538 1073 ,
561 981 586 1056 fi
605 980 678 1081 quis
691 999 801 1054 motus
811 981 926 1078 populi
939 979 1042 1054 sadus
1053 980 1101 1053 es·

139 1086 215 1180 set,
239 1089 274 1163 id
291 1091 331 1164 C.
357 1093 519 1167 Norbano
542 1093 578 1183 in
593 1094 721 1168 nefario
742 1094 898 1184 crimine,
924 1112 1039 1190 ¹atque
1064 1093 1099 1165 in

144 1199 259 1274 fraude
273 1199 402 1297 capitali
411 1202 475 1274 else
487 1204 690 1299 ponendum.
739 1202 1100 1300 Quodsrunquampo-

144 1309 224 1406 pulo
244 1311 399 1384 Romano
427 1312 616 1385 concessum
640 1314 742 1403 esset,
766 1331 803 1410 ιιι
829 1313 898 1384 iure
917 1306 1122 1394 concitatus·

144 1420 330 1512 videretur,
349 1422 383 1495 id
402 1425 494 1521 quod
508 1424 670 1505 docebam
690 1426 783 1523 saepe
811 1424 875 1497 effe
888 1422 1103 1513 concessum,

144 1531 264 1607 nullam
289 1533 342 1623 illa
362 1533 488 1607 causam
512 1535 683 1609 iustiorem
698 1536 802 1611 fuiffe.
849 1539 940 1610 Tum
962 1562 1102 1610 ornnem

145 1643 332 1718 orationem
347 1646 474 1718 traduxi
496 1664 529 1718 er
547 1649 701 1720 converti
719 1648 754 1719 in
767 1648 1001 1744 increpandam
1014 1649 1101 1728 Cae·

144 1755 254 1852 pionis
274 1755 407 1855 sugam,
432 1758 467 1830 in
485 1758 723 1855 deplorandum
736 1757 904 1829 interitum
925 1756 1105 1834 exercitus.

145 1863 188 1937 fic
202 1856 363 1938 eteorum
385 1867 557 1955 dolorem,
584 1869 642 1966 qui
665 1867 820 1968 lugebant
839 1866 934 1956 suos,
947 1866 1104 1939 oratione

145 1973 362 2061 refricabam,
389 1994 422 2047 et
436 1976 567 2050 animos
581 1977 730 2074 equitum
743 1979 972 2049 Romanorum
986 2029 998 2067 ,
1015 1975 1110 2072 apud

145 2107 230 2181 quos
250 2083 331 2157 tum
343 2085 468 2158 iudices
487 2084 580 2157 causa
594 2083 769 2181 agebatur,-
794 2085 837 2157 ad
858 2088 903 2186 Q.
920 2082 1103 2182 Caepionis

146 2197 288 2289 odium,
315 2222 417 2298 aquo
434 2214 527 2269 erant
547 2196 606 2295 ipsi
619 2219 755 2294 propter
770 2198 892 2270 iudicia
907 2199 1112 2283 abalienati,-

77 2324 127 2405 ’49
146 2310 349 2385 renovabam
384 2308 511 2409 [atque
541 2307 773 2406 revocabam}
822 2307 927 2402 Quod
945 2309 1004 2381 ubi
1024 2309 1102 2383 senti

78 2440 127 2479 200
141 2438 200 2493 ‘me
211 2421 247 2494 in
265 2421 460 2520 possessione
482 2420 620 2511 iudicii,
645 2445 684 2492 ac
704 2418 899 2493 defenfionis
912 2444 1007 2493 meae
1021 2446 1101 2514 com

146 2529 280 2620 stitisse,
309 2532 402 2628 quod
418 2547 452 2602 et
470 2531 585 2627 populi
611 2526 878 2603 benevolentiam
892 2526 974 2600 mihi
987 2528 1101 2601 conci-

145 2636 284 2725 liatam,
311 2639 403 2710 cuius
430 2637 480 2709 ius
503 2638 602 2710 etiam
631 2663 708 2711 cum
740 2633 918 2709 seditionis?
939 2629 1102 2709 coniunc-

145 2746 238 2818 tione
265 2745 504 2836 defenderam,
530 2763 563 2817 et
589 2745 735 2818 iudicum
762 2745 890 2817 animos
915 2759 1010 2816 totos
1049 2738 1102 2818 vel

147 2859 327 2933 calamitate
344 2859 505 2949 civitatis,
527 2856 585 2932 vel
609 2858 697 2930 ludu
718 2882 757 2930 ac
779 2853 941 2929 defiderio
961 2856 1101 2953 propin-

146 2993 315 3065 quotum,
335 2969 390 3044 vel
415 2969 498 3043 odio
519 2967 659 3066 proprio
682 2967 718 3040 in
733 2968 940 3063 Caepionem
962 2967 1006 3038 ad
1027 2992 1102 3041 cau-

47 3119 49 3122 ·
145 3079 213 3153 sam
247 3079 392 3155 nostram
422 3097 685 3156 converteram:
713 3098 792 3154 tunc
822 3077 1000 3152 admiscere
1026 3080 1102 3152 huic

146 3189 259 3286 generi
284 3190 444 3264 orationis
467 3190 657 3266 vehementi
682 3207 780 3286 atque
806 3185 912 3261 atroci
935 3211 1039 3284 genus
1062 3188 1103 3260 11

97 3294 100 3299 ’
134 3296 203 3375 ¹lud
233 3298 394 3390 alterum,
421 3301 462 3388 de
487 3325 557 3398 quo
583 3317 658 3374 ante
686 3273 879 3396 disputavi,
901 3297 1044 3371 lenitatis
1069 3316 1117 3372 er·

146 3410 398 3485 mansuetudinis
420 3413 540 3512 coepi,
559 3437 613 3484 me
611 3437 689 3534 ‘pro
711 3435 788 3483 meo
811 3408 918 3482 sodali
919 3435 1007 3507 ,qur
996 3410 1104 3483 mibi

48 3567 50 3570 -
69 3589 71 3593 ,
145 3516 180 3589 in
191 3516 330 3591 liberum
342 3519 422 3592 loco
442 3544 536 3592 more
556 3521 720 3591 maiorum
736 3517 801 3590 else
820 3517 973 3607 deberet,
986 3535 1021 3589 et
1037 3544 1112 3615 pro-

146 3655 218 3702 mea
241 3631 334 3702 omni
363 3628 450 3702 fama
469 3653 575 3727 prope
596 3628 801 3727 fortunisque
827 3628 1024 3741 decernere:
1051 3629 1106 3700 ni·
1124 3641 1127 3647 '

40 3842 42 3844 ι
145 3743 192 3816 hil
205 3743 286 3818 mihi
301 3744 343 3863 ad
358 3742 627 3827 existimationem
640 3745 779 3843 turpius,
792 3743 873 3817 nibil
890 3744 933 3817 ad
948 3741 1111 3819 dolorem
