2304 4304
398 282 620 368 LIBER
670 285 696 364 L
973 294 1012 390 83

106 436 241 518 Nihilne
254 438 354 546 igitur
366 449 502 547 prodest
515 453 641 524 oratori
656 452 734 531 iuris
747 444 852 527 civilis
864 454 1016 528 scientia?
1038 458 1053 535 5
1060 456 1083 536 9

56 552 139 630 Non
165 559 297 656 possum
327 587 445 660 negare
476 564 631 658 prodesse
654 565 751 637 ullam
778 565 965 656 scientiam,
987 568 1020 639 ei

57 667 271 764 praesertim,
297 669 390 742 cuius
417 670 606 769 eloquentia
632 672 732 768 copia
759 690 870 746 terum
898 676 1015 748 debeat

58 775 124 847 esse
147 796 282 861 ornata:
306 778 361 850 sed
384 779 496 866 multa,
520 797 554 852 et
576 805 708 879 magna,
731 800 764 852 et
785 781 928 855 difficilia
950 783 1023 855 sunt

57 912 120 978 ea,
148 913 232 985 quae
257 889 331 961 sunt
369 891 496 962 oratori
532 891 729 988 necessaria,
759 909 796 964 ut
823 893 892 964 eius
927 884 1019 963 indu·

13 1084 16 1089 p
50 997 172 1077 ,striam
193 1000 228 1071 in
249 1000 341 1096 plura
369 998 472 1071 studia
498 997 677 1073 distrahere
702 994 816 1073 nolim.
852 991 938 1094 Quis
961 1025 1021 1072 ne·
1039 1020 1086 1077 ²⁵¹

57 1127 135 1208 get,
158 1131 243 1206 opus
261 1108 326 1181 esse
341 1108 498 1198 oratori,
520 1108 555 1179 ιιι
578 1109 645 1181 hoc
668 1112 820 1182 oratorio
843 1128 938 1183 motu
964 1104 1024 1184 sta-

58 1238 174 1318 tuque,
196 1220 307 1299 Roscii
333 1219 458 1318 gestum
478 1238 511 1291 et
532 1220 763 1316 venustatem?
783 1240 898 1294 tamen
923 1248 1025 1294 nemo

58 1329 191 1402 suaserit
223 1321 371 1402 studiosis
405 1329 537 1401 dicendi
565 1329 844 1420 adolescentibus,
871 1331 906 1401 in
933 1329 1025 1428 gellu
1082 1415 1085 1422 .

60 1433 438 1510 discendo'histrionum
452 1462 548 1509 more
567 1438 747 1511 elaborare.
764 1430 866 1532 Quid
885 1438 931 1511 est
950 1466 1025 1513 ora-

59 1545 128 1616 tori
145 1536 460 1636 tamneceslarium,
475 1570 575 1644 quam
595 1546 693 1620 vox?
722 1566 856 1636 tamen,
876 1572 930 1618 me
948 1574 1024 1621 auc-

50 1670 148 1742 tore,
175 1679 277 1725 nemo
310 1654 442 1727 dicendi
474 1653 650 1761 studiosus,
681 1650 893 1728 'Graecorum
916 1681 1026 1746 more,
1107 1740 1113 1748 ¹

62 1779 95 1834 et
119 1763 381 1858 tragoedorum,
403 1765 484 1837 voci
507 1754 643 1854 serviet,
665 1765 723 1862 qui
746 1780 779 1837 et
801 1787 906 1836 annos
932 1790 1027 1838 com

59 1872 172 1981 plures
206 1871 351 1945 sedentes
382 1865 615 1964 declamitant,
649 1891 681 1945 et
711 1865 893 1971 quotidie,
932 1894 1026 1950 ante-

25 2004 28 2016 ·
62 2004 164 2076 quam
196 1980 432 2074 pronuntient,
456 2004 580 2054 vocem
612 1982 766 2054 cubantes
788 1977 903 2054 sensim
869 1986 1025 2057 mcxci

62 2106 150 2178 tant,
175 2088 398 2186 eandemque,
423 2116 499 2162 cum
521 2108 680 2216 egerunt,
709 2092 857 2165 sedentes
885 2095 926 2167 ab
949 2121 1026 2167 acu

63 2199 185 2271 tiffimo
201 2266 203 2271 .
222 2200 306 2273 sono
345 2199 448 2296 usque
478 2200 519 2272 ad
549 2194 775 2299 gravissimum
801 2204 919 2275 sonum
946 2197 1026 2277 reci·

64 2310 178 2406 piunt,
201 2325 235 2379 et
251 2307 341 2404 quasi
364 2309 640 2406 quodammodo
665 2304 834 2407 colligunt.
868 2312 945 2384 Hoc
962 2338 1027 2386 nos

64 2418 88 2488 fi
116 2416 228 2492 facere
246 2418 407 2510 velimus,
429 2438 504 2491 ante
526 2419 790 2491 condemnentur
811 2417 851 2511 ιι,
879 2444 1027 2518 quonmr
1130 2438 1133 2455 ·

66 2528 176 2602 causas
203 2529 446 2624 receperimus,
481 2553 583 2625 quam
617 2525 731 2617 toties,
763 2522 894 2624 quoties
926 2553 1024 2627 prae·
1147 2623 1150 2632 Ι

65 2640 238 2730 scribitur,
246 2655 416 2760 paeanem,
430 2657 486 2711 aut
503 2634 698 2711 munionem
720 2638 894 2714 citarimus
919 2643 1025 2736 Quod
1042 2658 1094 2724 25²

66 2743 148 2819 siin
174 2739 287 2842 gestu,
309 2746 368 2843 qui
394 2747 533 2816 multum
556 2761 725 2816 oratorem
752 2742 926 2839 adiuvat,
930 2766 964 2820 et
988 2745 1026 2821 in

66 2879 167 2946 voce,
186 2880 270 2952 quae
287 2884 353 2930 una
370 2859 514 2929 maxime
533 2858 754 2955 eloquentiam
777 2861 832 2934 vel
850 2880 1027 2934 commen·

67 2969 144 3059 dat,
172 2969 229 3041 vel
254 2968 405 3060 sustinet,
436 2965 606 3042 elaborare
638 2969 735 3042 nobis
762 2991 832 3043 non
858 2971 956 3060 licet3
987 2975 1058 3049 ac'

66 3097 196 3152 tantum
221 3077 256 3152 in
277 3098 421 3178 utroque
448 3081 570 3178 assequi
592 3079 779 3177 possumus,
796 3076 972 3178 quantiam,
990 3083 1027 3156 in

67 3189 131 3262 hac
156 3181 234 3264 acie¹
255 3188 440 3297 quotidinai
466 3188 631 3278 muneris,
660 3180 752 3284 spatii
782 3187 878 3259 nobis
907 3187 1027 3260 datura
1120 3199 1124 3207 '

67 3319 196 3424 quanto
219 3301 328 3374 minus
353 3297 499 3373 estad
491 3302 570 3372 ruris
597 3295 703 3373 civilis
725 3299 978 3396 perdiscendi
963 3321 1027 3372 oc-

69 3411 282 3508 cuparionem
325 3409 613 3483 descendendum?
650 3411 756 3519 quod
775 3427 809 3482 et
842 3388 1027 3484 summatim

69 3515 204 3619 percipi
233 3521 299 3592 sme
323 3519 471 3592 dourina
496 3520 623 3617 potest,
649 3538 682 3593 et
699 3490 785 3594 haric
805 3516 903 3593 habet
927 3521 967 3592 ab
989 3511 1028 3590 il·
1095 3578 1104 3591 .

70 3633 109 3705 lis
135 3633 235 3706 rebus
257 3598 544 3707 dissimilimdinem
555 3633 681 3732 ,quod
702 3655 774 3709 vox
800 3649 833 3703 et
850 3630 954 3730 gestus
976 3627 1056 3704 su·

26 3760 29 3765 ’
70 3743 144 3822 bito
166 3739 324 3852 sumi,et
292 3743 474 3817 etaliunde
497 3745 621 3842 arripi
620 3767 690 3818 non
710 3741 871 3908 potes}
863 3741 941 3814 ruris
960 3739 1027 3814 uti

850 3852 871 3910 2
