2302 4304
364 293 587 368 iuuet
635 293 729 368 nt.-
784 298 791 359 ε
956 292 1026 388 2⁴17

67 462 212 556 portuna
246 455 401 530 sermoni.
451 457 541 529 Cum
576 453 743 555 placuisset
759 452 1023 549 idem-ceteris,

23 591 25 595 ·
68 566 244 640 insilvam
281 564 436 655 venitur,
475 585 520 638 et.¹
543 565 591 638 ihi
609 563 752 664 'magna
767 588 846 638 ’cum
859 562 1032 636 ¹audiendi·

67 676 311 773 exspectatione
350 675 539 749 confiditur.
1027 694 1032 703 '

113 785 206 856 Tum
238 782 391 873 Crassus,
422 782 509 855 Cum
546 782 721 855 auctoritas
747 798 846 878 atque
882 778 1072 862 amicitiai,
1123 756 1136 793 ⁴

67 891 198 984 vestra,
221 912 292 965 tum
312 894 450 966 Antonii
473 892 610 966 facilitas
632 889 920 989 eripuit,·inquit,
942 886 1026 959 mihi

66 1000 100 1073 in
115 1000 257 1096 ‚optima
278 1026 352 1073 mea
377 1000 470 1075 causa
492 1001 677 1074 libertatem
702 999 895 1074 recusandi:
912 1022 1034 1096 quamv

65 1139 166 1209 quam
192 1114 229 1186 in
253 1114 423 1213 partienda
453 1112 828 1210 disputationenoslm,
860 1138 936 1184 cum
966 1108 1025 1183 fibi

67 1225 109 1295 de
135 1225 197 1315 iis,
224 1251 306 1323 quae
329 1226 395 1298 dici
422 1227 466 1298 ab
482 1234 622 1298 oratore
637 1243 842 1320 oporteret,
861 1222 1023 1307 sumeret,

67 1335 155 1406 mihi
192 1358 297 1410 autem
334 1338 552 1435 relinqueret,
583 1356 619 1410 ut
654 1337 872 1432 explicarem,
903 1334 1022 1431 quem·

66 1445 250 1518 admodum
273 1447 326 1518 illa
352 1448 465 1519 ornari
491 1466 684 1545 oporteret;
712 1471 750 1518 ea
781 1446 911 1532 divisit,
938 1469 1023 1542 quae

65 1555 208 1631 seiuncta
238 1558 304 1632 esse
336 1584 405 1632 non
440 1559 582 1656 possunt.
627 1561 715 1631 Nam
745 1578 821 1630 cum
852 1557 961 1629 omnis
979 1576 1022 1626 etc

64 1693 101 1738 re
131 1685 231 1766 atque
266 1669 378 1743 verbis
402 1669 530 1773 oonstet
548 1670 679 1756 oratio;
707 1693 814 1768 neque
838 1671 941 1742 verba
970 1668 1020 1741 se·

63 1777 140 1848 dem
164 1777 301 1851 ..habere
326 1777 479 1874 possunt,
508 1777 532 1848 fi
570 1803 639 1850 rem
671 1778 882 1867 subtraxeris,
915 1800 1029 1875 neque·

61 1909 114 1954 res
139 1883 268 1974 lumen,
302 1885 327 1957 fi
356 1886 458 1958 verba
485 1885 673 1960 semoveris.
709 1889 760 1960 Ac
779 1886 862 1957 mihi
885 1886 1019 1985 quidem
1039 1919 1071 1955 υ

62 2019 193 2073 veteres
222 1998 292 2087 illi,
339 1997 442 2070 maius
483 1999 638 2096 quiddam
675 1999 788 2073 animo
832 1999 1019 2097 complexi,

62 2113 172 2183 multo
210 2110 283 2208 plus
307 2109 406 2182 etiam
433 2110 548 2185 vidisse
583 2110 758 2198 videntur,
786 2133 1027 2205 quamquam·

60 2243 133 2295 tum
167 2222 356 2294 nostrorum
388 2222 596 2320 ingeniorum
633 2222 717 2294 acies
749 2220 868 2291 intueri
891 2217 1018 2314 potest:

60 2336 121 2432 qui
147 2336 264 2406 omnia
298 2335 399 2422 haec,
436 2360 520 2433 quae
556 2333 650 2427 supra
682 2353 716 2401 et
752 2329 879 2414 subter,
916 2318 1020 2399 unum

60 2443 152 2534 esse,
188 2465 222 2518 et
253 2470 317 2517 una
351 2446 389 2518 vi
419 2462 515 2541 atque
550 2470 616 2514 una
643 2441 857 2515 consensione
888 2461 1022 2513 naturae
1088 2482 1091 2487 ·

59 2555 240 2628 constriua
269 2556 332 2628 esse
357 2556 521 2655 dixenint.
568 2555 704 2626 Nullum
733 2553 780 2626 est
807 2553 895 2624 enim
917 2578 1021 2653 genus

60 2692 199 2760 rerum,
237 2669 329 2767 quod
364 2685 436 2739 aut»
457 2668 604 2742 avulsum
640 2670 809 2741 aceteris
838 2694 897 2765 per
932 2669 1018 2766 seip-

59 2776 132 2848 sum
156 2776 328 2867 constare,
346 2794 421 2867 aut,
438 2802 508 2875 quo
523 2795 628 2850 cetera
642 2777 665 2848 fi
680 2795 830 2868 careant,
844 2778 915 2851 vim
928 2779 1018 2851 suam

59 2903 160 2983 atque
185 2881 410 2960 aeternitatem
434 2889 627 2964 conservare
651 2889 781 2987 poffint.
809 2892 872 2962 Sed
893 2890 917 2960 st
938 2891 1019 2963 haec
1038 2894 1060 2962 6

60 2996 171 3066 maior
190 2995 255 3067 esse
274 2997 359 3068 ratio
380 2997 535 3088 videtur,
554 3025 653 3096 quant
677 3016 712 3070 ut
728 2999 902 3070 hominum
922 2999 1021 3093 poffit
1036 3026 1065 3063 21

59 3102 153 3175 sensu
178 3123 235 3176 aut
262 3107 463 3203 cogitatione
494 3109 752 3206 comprehendi:
771 3107 818 3180 est
839 3107 938 3180 etiam
963 3107 1018 3178 illa
1100 3201 1103 3208 Ι

58 3214 208 3287 Platonis
225 3240 320 3302 veta,
343 3235 379 3289 et
400 3219 487 3308 tibi,
504 3221 648 3309 Catule,
673 3238 761 3292 certe
787 3244 857 3290 non
874 3219 1018 3292 inaudita

59 3346 132 3393 vox
146 3375 158 3411 ,
177 3323 326 3395 Omnem
350 3325 533 3399 doclrinam
553 3329 668 3399 hatum
682 3328 896 3424 ingenuarum
909 3345 942 3400 et
956 3329 1020 3403 hu·

60 3456 234 3504 manarum
268 3435 388 3506 attium
419 3462 488 3509 uno
521 3439 666 3533 quodam
692 3435 854 3510 societatis'
879 3438 1017 3512 vinculo
1091 3457 1095 3461 ’

58 3545 236 3618 contineri.
259 3548 317 3620 ubi
339 3548 427 3619 enim
452 3540 618 3647 perspeda
642 3549 695 3624 vis
714 3549 760 3629 est
778 3551 912 3622 rationis
930 3549 1018 3637 eius,

60 3679 128 3751 qua
150 3656 262 3729 causae
280 3683 392 3731 rerum
417 3672 514 3758 atque
536 3661 640 3732 exitus
667 3660 932 3757 cognoscuntur,
954 3654 1019 3725 mi-

60 3794 118 3844 rus
145 3771 281 3868 quidam
307 3771 457 3845 omnium
488 3771 576 3868 quasi
599 3771 770 3848 consensus
795 3766 1018 3844 doctrinarum
1040 3808 1043 3813 ·
