2304 4304
111 328 261 339 ’
358 298 691 425 arseni.
961 302 1022 418 ‘23

63 477 339 577 exstinguendos
366 476 485 576 (quod
492 472 593 549 unum
608 479 642 549 in
656 498 790 552 oratore
801 469 1026 581 dominatur,)

61 588 127 660 fine
139 587 384 687 diligentillima
396 587 675 685 pervestigatione
689 615 801 660 earum
810 593 960 664 omniurn
976 618 1026 663 ra·

62 701 214 791 tionum,
239 727 325 799 quae
353 702 394 772 de
408 701 533 774 naturis
547 701 685 771 humani
704 701 832 799 generis
857 728 895 776 ac
917 704 1027 775 mdri-

63 809 120 881 bus
134 798 377 906 aphilosoplris
391 809 609 906 explicantur.
634 811 745 906 Atque
773 809 860 900 baud
873 810 961 898 scio,
985 839 1027 883 an
1044 823 1074 874 61

31 999 42 1011 ἱ
62 922 169 993 minus
183 923 252 994 boc
271 921 372 994 vobis
387 920 445 992 lim
462 920 678 1017 probaturus:
710 921 864 1016 equidem
879 940 952 1005 non
963 925 1027 994 du·

20 1119 21 1122 ¹
62 1035 196 1129 bitabo‚
222 1036 314 1132 quod
333 1034 465 1123 sentio,
491 1034 609 1106 dicere.
633 1033 771 1130 physrea
793 1034 852 1106 ista
874 1034 970 1131 ipsa,
995 1058 1028 1110 et

62 1147 317 1235 mathematica,
346 1162 380 1216 et
390 1160 479 1243 quae
491 1145 590 1238 paulo
606 1164 680 1216 ante
702 1146 885 1218 'ceterarum
906 1148 1028 1219 artium
1063 1134 1069 1145 ’

8 1284 10 1323 ι
63 1243 220 1353 propria
245 1256 379 1354 posuisti
400 1311 412 1342 ,
432 1343 435 1348 y
454 1244 608 1328 scientiae
636 1255 709 1328 sunt
738 1283 877 1345 eorum,
903 1261 961 1356 qui
984 1263 1028 1332 il-

63 1361 93 1431 la
114 1361 327 1457 profitentur.
367 1361 523 1433 illustrare
536 1356 647 1434 aertem
661 1363 814 1459 oratione
828 1364 852 1435 fi
865 1361 940 1463 quis
954 1364 1028 1436 illas

64 1468 142 1564 ipsas
157 1492 244 1543 artes
253 1472 358 1560 velit,
383 1472 423 1542 ad
436 1471 581 1543 oratoris
596 1473 627 1542 ei
641 1472 902 1570 confugiendum
917 1471 963 1543 esl
972 1471 1027 1542 fa·

64 1582 235 1675 cultatem.
278 1585 409 1680 Neque·
425 1584 541 1673 enim,
565 1573 777 1658 srPhilonem
798 1586 889 1656 illum
917 1585 1027 1685 archi7
1045 1605 1078 1656 σι

8 1726 11 1745 =
63 1696 208 1785 testum,
243 1696 301 1792 qui
328 1684 577 1770 Atheniensibus
603 1696 892 1768 armamentarium
926 1694 1029 1786 fecit,

62 1802 216 1891 constat,
246 1800 424 1897 perdiserte
442 1803 570 1898 populo
585 1804 750 1876 rationem
760 1803 872 1900 operis
886 1802 932 1874 sui
947 1805 1027 1878 red-

62 1909 176 1980 didisse
190 1963 211 1995 ,2
229 1908 479 2010 existimandum
490 1909 553 2001 est,
577 1913 745 1986 architesli
758 1915 869 2009 potius
883 1912 1028 1986 artificio

32 2023 35 2029 '
62 2016 245 2106 disertum,
275 2042 374 2114 quam
388 2019 551 2109 oratoris,
576 2019 682 2092 fuisse.
730 2024 825 2125 Nec,
849 2022 961 2095 fihuic
976 2028 1027 2099 M.

61 2132 213 2204 Antonio
236 2156 301 2228 pro
315 2133 532 2204 Hermodoro
545 2132 656 2206 suisset
669 2135 711 2207 de
731 2136 899 2210 navalium
921 2161 1026 2232 opere

60 2246 260 2336 dicendum,
284 2271 379 2329 non,
404 2268 483 2316 eum*
495 2246 536 2317 ab
546 2244 605 2317 illo
620 2246 750 2318 causam
764 2246 954 2332 didicisset,
978 2246 1026 2340 ip·

59 2355 91 2427 se
113 2374 233 2428 ornate
260 2356 301 2427 de
328 2355 435 2426 'alieno
453 2355 599 2427 artificio
628 2355 829 2451 copioseque
866 2353 1047 2454 dixisset?

61 2465 179 2562 Neque
193 2491 280 2538 vero
293 2464 501 2560 Asclepiades
514 2465 563 2553 is,
579 2489 657 2561 quo
671 2488 734 2534 nos
748 2462 879 2535 medico
897 2461 1026 2535 amico-

59 2599 125 2670 que
146 2575 194 2646 usr
217 2574 348 2664 sumus,
372 2592 467 2661 tum,
495 2598 572 2645 cum
594 2572 781 2697 eloqffntia
799 2574 955 2647 vincebat
969 2600 1031 2649 ce-

38 2720 43 2731 ·
60 2703 150 2756 aeros
163 2685 325 2775 medicos,
338 2686 371 2757 in
383 2709 426 2756 eo
439 2681 532 2781 ipso,
560 2683 652 2781 quod
666 2702 783 2757 ornate
798 2684 938 2771 dicebat,
952 2712 1025 2758 me-

58 2793 190 2885 dicinae
203 2782 356 2865 facultate
371 2791 546 2881 utebatur,
570 2817 641 2892 non
662 2792 879 2888 eloquentiae.
913 2794 1024 2889 Atque
1043 2798 1075 2866 ⁶3

54 2903 139 2975 illud
168 2903 217 2976 est
238 2901 469 3000 probabilius,
502 2925 609 2998 neque
630 2921 742 2972 tamen
764 2925 905 2998 uerum,
930 2901 1038 3000 quod.

56 3015 211 3109 ⁴Socrates
236 3001 348 3086 ‘dic'ere
371 3013 522 3101 solebat,
552 3035 670 3084 omnes
694 3011 818 3095 ineo,
845 3000 938 3105 quod
962 2997 1024 3080 sci·

59 3146 134 3199 rent
147 3127 232 3213 saris,
246 3128 311 3198 elle
325 3128 516 3224 eloquentes
530 3151 539 3195 t
553 3124 633 3197 illud
645 3123 769 3212 verius,
783 3146 890 3218 neque
904 3147 1023 3217 quem-

59 3264 158 3336 quam
176 3240 212 3310 in
234 3266 278 3311 eo
296 3239 450 3312 disertum
466 3238 531 3309 elle
545 3234 664 3334 posse,
689 3235 780 3332 quod
800 3232 938 3324 nesciat,
963 3261 1024 3307 ne-

59 3374 140 3446 que,
166 3350 237 3435 fiid
252 3350 380 3447 optime
400 3349 500 3436 sciat,
520 3346 716 3446 ignarusque
729 3345 768 3426 fit
790 3344 963 3420 faciundae
984 3372 1023 3421 ac

60 3460 233 3554 poliendae
242 3462 404 3534 orationis
418 3516 429 3554 ‚
455 3458 574 3545 diserte
587 3459 622 3529 id
639 3457 744 3556 ipsum
758 3458 851 3556 posse
859 3482 873 3547 ,’
897 3460 937 3531 de
952 3450 1022 3556 quo

61 3566 156 3658 scias,
171 3575 291 3646 dicere.
342 3577 453 3666 Quam
468 3571 514 3643 ob
538 3594 635 3657 rem,
660 3567 776 3666 sr'quis
788 3568 975 3643 universam
989 3587 1023 3640 et
1045 3587 1085 3664 ις

54 3685 232 3778 propriam
257 3686 400 3783 oratoris
419 3685 489 3758 vim
504 3683 663 3775 desinire,
688 3685 928 3780 compledlique
936 3679 1022 3767 vult,
1039 3699 1073 3763 64
1098 3754 1103 3791 .·

61 3788 220 3885 isorator
232 3790 315 3881 erit,
341 3815 415 3863 mea
437 3789 618 3878 sententia,
656 3789 722 3864 hoc
738 3787 926 3959 tanmgffli
948 3785 1021 3888 dig·

381 3929 382 3932 *
807 3909 831 3979 4
