2302 4304
359 320 808 402 ORATOK‘>
932 336 1004 424 Μς

44 506 155 568 autem
169 495 289 568 eodem
304 492 409 564 modo
430 514 546 576 omnes
560 485 668 560 causas
677 481 779 583 ages?
805 501 861 555 aut
874 485 1008 583 aliquod
1057 571 1059 578 y

43 604 215 679 causarum
231 627 331 701 genus
344 594 552 696 repudiabis?
574 614 634 668 aut
647 596 682 666 in
695 593 813 666 iisdem
828 593 927 666 causis
939 618 1008 690 per
1055 672 1057 682 ‚
1103 656 1106 661 .

43 733 180 813 peruum
202 730 236 785 et
254 711 395 783 eundem
407 710 554 806 spiritum
572 706 640 779 sme
660 703 726 777 ulla
745 703 1007 816 commutatione

43 821 238 911 obtinebis?
269 819 513 894 Demosthenes
533 817 694 916 quidem,
720 816 811 889 cuius
833 841 938 916 nuper
957 817 1010 892 in·

43 950 98 1006 ter
133 931 291 1030 imagines
313 949 409 1019 mas,
427 950 465 1000 ac
491 944 649 1015 tuorum,
688 923 910 1023 (quodcum,
928 954 1009 1002 cre*
1071 1011 1080 1021 „

43 1041 119 1132 do,
141 1041 295 1136 amares)
317 1065 394 1114 cum
412 1040 454 1110 ad
475 1054 508 1111 te
530 1039 567 1110 in
595 1036 818 1112 Tusculanum
837 1041 1010 1130 venissem,
1074 1105 1081 1120 .

43 1151 223 1250 imaginem
248 1177 289 1224 ex
309 1176 384 1222 aere
397 1148 493 1239 vidi,
520 1146 736 1246 nihilLystae
755 1149 926 1223 subtilitate
954 1175 1010 1224 ce-

43 1258 107 1346 dit,
141 1258 223 1330 nihil
245 1260 380 1358 argutiis
402 1283 435 1332 et
462 1255 612 1330 acumine
631 1259 821 1356 Hyperidi,
835 1259 916 1334 nihil
933 1261 1012 1334 leni·

43 1380 112 1437 tate
142 1364 320 1457 Aeschini,
342 1388 375 1438 et
388 1364 559 1461 splendore
578 1363 772 1437 verborum.
788 1364 789 1367 ’
803 1364 927 1438 Multae
940 1365 1013 1439 sunt
1031 1387 1075 1426 τη

43 1475 117 1548 eius
130 1491 221 1548 totae
240 1474 409 1577 orationes
423 1472 570 1565 subtiles,
595 1498 662 1546 una
680 1490 796 1546 contra
815 1473 1013 1570 Leptinem;

43 1584 171 1657 multae
187 1602 277 1658 torae
291 1609 426 1683 graves,
450 1604 487 1656 ut
500 1583 659 1682 quaedam
673 1581 871 1676 Philippicae
885 1608 897 1669 3
923 1585 1011 1655 mul·
1053 1672 1056 1679 Ι

43 1710 100 1766 tae
117 1683 249 1784 uariae,
273 1711 309 1765 ut
336 1711 454 1765 contra
467 1691 683 1780 Aeschinem,
716 1689 812 1763 salsae
826 1691 1011 1789 legationis,

44 1823 85 1878 ut
105 1822 224 1878 contra
242 1805 384 1879 ermdem
411 1828 475 1901 pro
493 1803 588 1878 causa
607 1800 838 1899 Ctefiphontis.
877 1805 944 1874 lam
975 1804 1012 1874 il·

43 1914 105 1986 lud
123 1912 269 1986 meditun
295 1914 426 2012 quoties
451 1913 544 2005 vult,
570 1911 703 2008 arripit,
729 1928 799 1984 eta
821 1912 1011 2010 gravissimo
1038 1938 1059 2015 J

44 2022 239 2113 discedens,
259 2047 302 2095 eo
315 2022 519 2120 potiffimum
534 2023 703 2096 delabittu.
718 2022 891 2096 Clamores
901 2041 1011 2099 tamen
1099 2027 1106 2037 ⁸

43 2152 122 2204 tum
141 2126 280 2221 movet,
310 2153 344 2203 et
366 2149 436 2203 tum
462 2130 659 2203 indicendo
680 2131 858 2226 plurimum
883 2132 985 2204 efficit
995 2162 1009 2222 ·,

44 2264 128 2312 cum
143 2230 312 2336 gravitatis
328 2238 410 2311 locis
423 2239 534 2310 utitur.
558 2239 622 2309 Sed
636 2238 676 2308 ab
690 2238 755 2309 hoc
769 2258 947 2334 parumper
955 2239 1010 2309 ab·
1031 2261 1076 2298 112

46 2374 163 2422 eamus
185 2375 198 2435 3
234 2349 505 2448 quandoquidem
523 2348 563 2418 de
580 2369 727 2443 genere,
750 2343 873 2416 nonde
896 2345 1010 2417 homi-

46 2482 94 2531 ne
113 2457 321 2555 quaerimus:
351 2459 399 2530 rei
413 2456 548 2554 potius,
572 2453 684 2540 idest,
708 2452 917 2552 eloquentiae
939 2456 1011 2531 vim

45 2589 85 2644 et
98 2586 247 2641 namram
267 2571 478 2668 explicemus.
501 2569 584 2641 lllud
598 2588 734 2658 tamen,
757 2566 849 2666 quod
862 2567 1012 2643 iamante
1094 2629 1095 2634 ,

47 2681 225 2771 diximus,
251 2682 521 2771 meminerimus,
544 2679 590 2752 nil
604 2705 665 2754 nos
682 2679 905 2778 praecipiendi
918 2681 1013 2755 causa
1034 2745 1036 2748 Α

46 2795 225 2883 disluros3
250 2820 348 2895 atque
372 2797 416 2870 ita
433 2797 545 2895 potius
573 2799 701 2870 asianos
713 2851 725 2886 ‚
751 2813 788 2869 ut
808 2796 1012 2871 existimato·

47 2927 105 2978 res
124 2904 297 2978 videamur
318 2895 431 3004 loqui,
459 2902 530 2980 non
556 2905 711 3007 magistri
744 2903 782 2981 ln
809 2933 877 3008 qno
901 2932 1012 2983 tamen

47 3014 184 3114 longius
225 3017 483 3115 progredimur,
521 3019 615 3118 quod
648 3020 835 3109 videmus,
870 3043 940 3091 non
978 3040 1012 3093 te

47 3125 135 3199 naec
154 3124 259 3198 solum
273 3127 337 3198 elle
350 3125 525 3219 letlurum,
549 3129 608 3226 qui
627 3151 664 3200 ea
679 3129 803 3217 multo,
826 3130 1014 3224 quam'nos,
1078 3176 1080 3184 ι

48 3229 113 3332 qui
138 3234 228 3331 quast
245 3237 365 3310 docere
387 3237 594 3328 videamur,
632 3235 750 3337 habeas
772 3237 928 3318 notiora:
958 3238 1015 3314 sed

48 3342 144 3416 hunc
162 3343 310 3437 librum,
339 3345 462 3419 etiamsi
484 3347 593 3419 minus
616 3345 727 3418 nostra
751 3351 1014 3426 commendatio·

47 3471 122 3540 ne„
150 3471 211 3528 ruo
229 3475 341 3531 tamen
357 3460 493 3531 nomine
516 3457 683 3555 divulgari
695 3458 821 3534 necesse
835 3459 891 3534 est„

103 3560 188 3633 Esse
208 3562 310 3661 iginu
336 3564 481 3663 perfesie
507 3565 693 3663 eloquentis
720 3585 821 3665 puto,
847 3584 1014 3642 noneam
1034 3587 1080 3660 3²

51 3669 164 3744 solum
192 3672 380 3746 facultatem
408 3673 550 3764 habere,
579 3674 728 3771 quaesit
759 3677 827 3750 eius
850 3678 1017 3775 propria,
1037 3696 1082 3752 1¹³

51 3783 149 3881 susc,
167 3785 298 3886 lcie'que
314 3786 462 3900 dicendi,
484 3789 538 3864 sed
555 3789 654 3864 etiarn
667 3791 811 3873 uicinam
824 3789 908 3878 aius,
921 3810 1018 3900 arque
