2304 4304
372 305 595 378 LIBER
644 305 709 379 ll.·
960 325 1024 402 ¹53

60 484 158 566 etque
177 466 323 547 caulibus
336 465 506 566 magister,
523 489 559 540 ur
577 462 767 539 indicendo
785 465 898 558 irasci,
912 481 950 540 ut
968 466 1029 539 do-

60 583 147 673 lere,
167 599 205 655 ut
220 579 302 655 llere
317 580 452 679 poffitis.
501 583 713 678 Quamquam
725 602 759 652 re
784 582 918 680 quidem
946 582 1029 679 quid

60 691 128 767 hoc
151 694 315 784 doceam,
340 693 399 790 qui
420 693 455 765 in
472 690 658 766 accusando
680 689 781 762 sodali
804 710 839 763 et
858 690 1029 790 quaestore
1096 707 1101 725 ·

60 825 161 892 meo,
180 820 310 874 tantum
328 799 520 874 incendium
538 823 607 873 non
631 801 783 873 oratione
809 799 941 889 solum,
974 799 1030 873 sed

61 913 170 986 mailro
191 913 289 986 etiam
308 913 411 1011 magis
423 914 460 987 vi
474 966 486 1003 ,
520 929 553 985 et
567 902 707 999 dolore',
736 927 772 984 et
796 912 915 985 ardore
928 907 1030 981 animi

63 1025 263 1116 concitatas,
284 1040 322 1098 ¹ut
334 1048 398 1124 ego
418 1025 460 1097 ad
473 1024 508 1121 id
534 1023 797 1124 restinguendum
815 1025 876 1100 vix
890 1032 1031 1097 conarer

61 1135 245 1210 accedere?
271 1136 441 1209 Habueras
457 1137 545 1208 enim
558 1154 629 1211 tum
646 1137 762 1208 omnia
779 1137 814 1208 in
826 1135 918 1208 ca'usa
936 1134 1032 1232 suped

60 1245 165 1319 riorar
190 1245 281 1335 vim,
303 1243 430 1343 frigam,
456 1245 711 1342 lapidationem,
733 1246 960 1320 crudelitatem
973 1243 1030 1316 tri·

62 1353 246 1446 bunitiam,
282 1355 316 1427 in
331 1355 512 1453 Caepionis
532 1355 625 1453 gravi
654 1354 895 1453 miserabilique
932 1353 1031 1446 casu,

60 1464 97 1537 in
114 1463 279 1538 iudicium
299 1465 465 1538 vocabas:
493 1465 613 1537 deinde
632 1465 817 1562 principem
836 1483 871 1537 et
883 1452 1029 1554 senatus,

61 1591 102 1646 et·
115 1575 282 1667 civitatis,
307 1577 356 1648 Μ.
386 1577 586 1667 aemilium,
623 1575 739 1672 lapide
752 1574 940 1672 perculsum
955 1572 1030 1646 esse

61 1682 257 1757 constabat:
283 1684 319 1759 ui
345 1684 473 1783 pulsum
491 1710 533 1756 ex
552 1686 679 1781 templo
702 1688 737 1756 1„
753 1685 912 1774 Cottam,
932 1700 966 1756 et
985 1683 1030 1756 T.

60 1795 223 1883 Didium,
250 1822 325 1870 cum
345 1798 548 1870 intercedere
568 1797 691 1871 vellent
707 1795 897 1894 rogationi,
928 1817 1031 1867 nemo

59 1925 191 2004 poterat
208 1930 338 2004 negare.
388 1904 608 1996 Accedebat,
630 1928 667 1977 ut
692 1904 775 1988 haec
790 1925 826 1977 tu
844 1902 1031 1976 adolescens
1044 1895 1092 1988 48

50 2041 125 2113 pro
139 2016 308 2114 republica
326 2017 421 2114 queri
442 2016 565 2088 summa
586 2040 663 2089 cum
684 2015 844 2114 dignitate
865 2012 1094 2105 existima-198

61 2154 157 2202 reret
186 2154 272 2229 ego,
304 2129 411 2202 homo
430 2129 621 2220 censorius,
642 2130 709 2204 uir
726 2129 800 2204 satis
822 2126 956 2201 honeste
970 2126 1031 2200 'ui-

60 2241 158 2314 deret
169 2238 360 2317 seditiosum
387 2242 524 2331 civem,
562 2259 595 2312 et
628 2241 664 2312 in
698 2238 844 2312 bominis
883 2235 1031 2309 consula·
1096 2298 1101 2319 ,

60 2356 106 2429 ris
130 2355 318 2430 calamitate
346 2356 534 2444 crudelem,
568 2353 661 2450 polle
693 2351 881 2427 defendere.
929 2354 1066 2424 Erant·

61 2468 184 2566 optimi
215 2466 307 2543 cives
332 2467 485 2556 iudices,
520 2466 691 2537 bonorum
717 2464 871 2538 virorum
896 2464 1030 2562 plenum

60 2575 195 2666 forum,
221 2577 282 2651 vin
304 2593 342 2650 ut
356 2575 440 2669 mibi
463 2571 570 2650 tenuis
592 2571 753 2670 quaedam
773 2572 872 2647 uenia
898 2573 1032 2647 daretur

56 2686 300 2775 excusationis,
316 2688 410 2786 quod
421 2707 537 2770 tamen
546 2681 859 2775 etmrdefenderem,
877 2685 935 2784 qui
948 2685 1031 2758 mihi

61 2795 219 2895 quaestor
233 2796 351 2872 suisset.
366 2894 369 2899 ι
405 2798 470 2871 Hic
495 2820 559 2896 ego
574 2795 656 2893 quid
667 2795 839 2869 'dicamme
852 2814 956 2872 artem
971 2798 1030 2871 ali-

60 2932 163 3007 quam
172 2906 378 3003 adhibuisse?
392 2910 473 3008 quid
482 2907 630 2999 fecerim,
644 2911 796 2983 narrabo.
822 2909 846 2981 fi
859 2911 1045 3008 placuerit,

60 3043 127 3092 vos
139 3042 249 3108 meam
264 3020 527 3093 desensronemin
548 3020 659 3119 aliquo
668 3022 750 3094 artis
760 3021 840 3094 loco
850 3023 1030 3118 reponetis.

60 3120 228 3200 Omnium
249 3128 447 3205 seditiomnn
475 3129 889 3227 genera,·vitia,—perictda
900 3129 1030 3231 collegi,
1049 3167 1094 3225 uu

49 3261 203 3339 'eamque
222 3237 409 3313 orationem
426 3263 468 3312 ex
478 3240 571 3312 omni
590 3234 790 3336 reipublicae
807 3241 934 3316 nollrae
945 3261 1030 3318 tem·

62 3372 188 3445 porum
205 3348 363 3421 varietate
386 3347 538 3445 repetivi,
554 3347 767 3447 conclusique
787 3350 855 3443 ita,
873 3371 911 3428 ut
934 3342 1031 3429 dice·

62 3480 160 3549 rem,
193 3457 251 3530 etfi
273 3481 390 3531 omnes
414 3458 569 3530 molestae
597 3459 724 3558 semper
747 3462 923 3555 seditiones
948 3465 1029 3540 fitis·

53 3567 154 3657 sent,
176 3567 274 3643 iustas
289 3585 400 3644 tamen
411 3569 504 3644 fusse
519 3572 717 3665 nonntdlas,
742 3592 776 3648 et
794 3601 900 3677 prope
917 3576 1030 3652 neces-

62 3679 172 3762 sarias.
220 3683 311 3775 Tmn
328 3683 381 3756 illa
392 3738 405 3776 ,
433 3684 524 3783 ‘quae
544 3687 650 3760 modo
662 3686 793 3764 Craffus
815 3713 1028 3764 commemo-

63 3792 179 3888 rabat,
203 3797 273 3897 egit
294 3823 402 3898 neque
413 3822 560 3900 regerer
571 3801 900 3921 bacciuitateexigi,
919 3824 1029 3904 neque
1121 3906 1124 3911 .
