2302 4304
101 319 174 402 ιφ
422 294 750 404 onnron

101 460 337 541 etAri'sloteles
358 461 533 538 Isocratem
557 461 663 560 ipsum
679 446 872 550 laeeffivit,
897 471 932 531 er
947 452 1048 527 Xene
1091 486 1103 530 ιι

72 574 75 581 ’
102 578 239 675 phontis
254 598 341 648 voce
356 572 462 649 Musas
479 569 569 670 quasl
589 570 716 645 locutas
729 567 843 646 ferunt
857 594 870 653 ;
914 582 948 639 et
959 565 1048 663 longe

104 687 277 777 omniurn,
299 684 486 784 quicunque
498 681 770 780 scripsenrnnaut
782 677 891 752 locuti
904 676 1051 764 sunt‚ex·

104 801 185 872 slitit
203 817 237 869 et
252 796 412 893 gravitate
430 795 583 894 princeps
598 794 739 886 Plar03)
766 808 879 864 tamen
891 790 1007 863 horum
1019 813 1054 860 o·
1099 795 1103 865 l

106 907 193 980 ratio
208 929 315 1003 neque
341 927 489 994 nervos,
513 928 619 1002 neque
640 902 770 976 aculeos
784 900 953 974 oratorios
965 897 1053 970 acso·
1100 930 1103 976 ι

62 1033 93 1100 ⁶3
107 1015 339 1106 renses'haben
362 1016 558 1114 Loquuntur
571 1038 647 1088 cum
661 1010 790 1100 donis,
813 1004 1053 1109 quorumseda·
1102 1045 1103 1053 ι

108 1153 146 1200 re
164 1126 293 1200 animos
306 1126 446 1216 malunt,
470 1150 570 1223 quarn
591 1123 737 1197 incitare
761 1120 807 1192 sle
825 1119 866 1192 de
885 1119 982 1191 rebus
992 1117 1054 1217 plr-

110 1237 212 1326 catis,
239 1260 277 1308 ac
291 1235 428 1309 minime
447 1233 667 1323 turbulentis,
689 1230 834 1306 docendi
852 1228 969 1319 causa,
982 1251 1058 1301 ‘non

111 1343 287 1439 capiendi,
307 1341 513 1440 loquentum
539 1363 577 1415 ut
598 1339 798 1439 ineoipso‚
820 1339 917 1438 quod
931 1336 1058 1411 deleda·

111 1455 238 1556 tionem
250 1453 391 1551 aliquam
405 1453 547 1526 dicendo
557 1471 779 1552 aucupentur,
805 1451 881 1550 plus
894 1447 1060 1538 nonnullis,
1092 1516 1094 1525 ι

39 1641 42 1647 ,
111 1584 212 1658 quam
230 1561 437 1652 necessest,
466 1559 579 1634 facere
605 1559 790 1633 videantur.
831 1562 927 1658 Ergo
948 1556 1061 1633 abhoc

50 1664 54 1671 ’
112 1692 232 1769 genere
260 1695 331 1743 non
352 1669 485 1744 difficile
506 1668 553 1742 est
570 1669 655 1743 hanc
673 1666 928 1766 eloquentiam,
954 1669 1060 1765 deque

67 1797 100 1863 ⁶⁴
113 1806 202 1854 nunc
227 1781 357 1879 agian,
376 1779 553 1854 secernere.
581 1777 693 1851 Mollis
710 1776 763 1849 est
770 1777 861 1851 enim
874 1797 984 1850 oratio
996 1775 1060 1874 phi

112 1889 352 1985 losophorum,
368 1911 403 1962 et
421 1888 621 1975 urnbra'nlis,
638 1911 699 1960 nec
717 1885 900 1977 sententiis,
923 1909 983 1958 nec
995 1909 1060 1960 ver

112 1993 164 2069 bis
176 1993 329 2068 instruile
340 1996 576 2099 popularibus,
602 2019 663 2068 nec
686 1994 799 2066 vinda
824 1993 995 2084 numeris,
1013 1991 1061 2064 sed

113 2105 220 2179 soluta
244 2104 386 2180 liberius.
411 2104 526 2177 nihil
517 2104 636 2177 irritum
659 2105 776 2194 habet,
798 2103 886 2175 nihil
904 2047 1063 2189 invidum,
1085 2151 1088 2161 ·

115 2199 200 2307 nihil
223 2240 342 2310 atrox,
370 2218 451 2291 nihil
474 2218 642 2309 mirabile,
671 2218 753 2290 nlhil
773 2215 938 2290 astutum:
963 2212 1063 2306 casta,

115 2327 322 2418 verecunda,
347 2327 447 2426 virgo
462 2328 651 2427 incorrupta
666 2329 932 2426 quodammodo.
956 2333 1075 2426 Itaque.

114 2437 223 2511 senno
236 2440 368 2535 potius,
391 2464 491 2536 quarn
505 2440 637 2529 oratio,
660 2439 786 2512 dicihn.
811 2443 1024 2539 Quamquam
1036 2465 1064 2510 e·

115 2547 185 2617 nim
200 2549 309 2619 omnis
322 2548 450 2619 locutio
468 2550 577 2621 oratio
590 2548 653 2640 esi,
678 2567 788 2622 tamen
815 2551 915 2623 unius
929 2549 1064 2623 oratoris

68 2671 100 2736 ⁶5
116 2656 243 2728 locutio
256 2658 321 2730 hoc
334 2661 474 2757 proprio
487 2658 606 2757 fignara
619 2661 753 2758 nomine
766 2658 820 2732 est.
835 2661 1065 2756 sophistarum,

116 2767 158 2874 de
180 2767 298 2863 quibus
311 2769 406 2866 supra
422 2770 512 2860 dixi,
529 2771 642 2870 magis
655 2770 881 2870 distinguenda
893 2771 1065 2847 similitudo

116 2874 275 2966 videtur,
297 2878 363 2973 .qui
384 2901 501 2970 omnes
527 2881 660 2951 eosdem
690 2880 808 2956 volunt
832 2881 967 2973 ¹sloreSr,
990 2904 1064 2981 quos

116 2983 250 3058 adhibet
263 3006 377 3058 orator
388 2984 421 3056 in
434 2986 552 3076 causis,
562 2988 720 3088 persequi.
745 2991 809 3062 Sed
823 2991 891 3064 hoc
907 2991 1064 3076 differunt,

116 3098 235 3196 quod,
261 3122 335 3173 cum
348 3097 386 3171 fit
404 3096 455 3170 his
472 3099 678 3196 propositum
696 3127 765 3175 non
785 3104 982 3198 perturbare
1003 3100 1063 3174 ani·

117 3230 213 3293 mos,
235 3205 291 3279 sed
303 3206 570 3305 placarepotius‚
592 3235 653 3283 nec
662 3229 729 3282 tam
737 3207 950 3307 persuadere,
975 3232 1062 3311 quan

32 3365 34 3369 -
118 3312 303 3401 deledlare3
326 3335 359 3388 et
371 3319 512 3414 apertius
525 3318 559 3388 id
573 3316 697 3392 faciunt
707 3343 831 3418 quam
843 3343 933 3410 nos
955 3337 989 3392 et
1000 3341 1063 3390 cre·

17 3473 20 3477 -
83 3420 231 3494 'briusz
257 3422 434 3498 concinnas
449 3427 551 3524 magis
561 3419 733 3501 'sententias
751 3428 952 3527 exquirunt,
975 3450 1070 3529 quan⁸

119 3531 319 3631 probabiles·
344 3560 419 3607 are
442 3536 534 3635 saepe
560 3538 753 3629 discedunt,
792 3539 945 3613 intexunt
976 3537 1061 3610 sabu

119 3634 185 3731 las,
197 3644 305 3716 verba
317 3663 458 3742 apertius
469 3645 665 3718 transferunt
675 3672 807 3745 ,eaque
821 3648 866 3718 ita
880 3630 1062 3742 disponunt,

120 3770 157 3823 ut
172 3753 314 3851 pidores
326 3755 515 3833 varietatem
541 3758 710 3832 colorum:
729 3759 823 3860 paria
837 3758 1049 3856 paribuse
987 3752 1061 3829 rese·
