2302 4304
145 320 213 393 ιῳ
390 301 902 376 nuonnrone

141 465 346 556 haudpdzcee.
374 464 439 544 Sed
451 483 562 546 tamen
577 461 659 534 haec
673 461 719 534 est
732 488 805 535 mea
817 462 986 554 sententia,
1000 489 1102 564 quam

140 567 278 643 videbar
303 574 500 670 exposuiffe.
534 598 599 672 ego
622 573 679 645 ista
697 572 801 647 studia
823 600 893 655 non
919 576 1105 674 improbo,

139 681 430 756 moderatamodo
444 684 522 756 smt:
545 685 739 781 opinionem
765 682 903 757 istorum
917 685 1104 760 studiorum

78 820 102 835 ··
139 808 173 865 et
189 791 407 890 suspicionem
420 792 551 866 artificii
565 791 652 889 apud
674 817 753 881 eos,
772 792 830 890 qui
854 817 905 865 res
930 791 1105 877 iudicent,

139 908 268 1002 oratori
281 907 581 983 adversariameffe
600 907 753 981 arbitror.
778 908 946 980 imminuit
966 908 1058 982 enim
1071 930 1106 982 et

76 1004 120 1102 3¹8
140 1018 282 1091 oratoris
302 1020 546 1107 auetoritatem
572 1038 605 1092 et
624 1018 786 1092 orationis
799 1019 909 1102 fidem.
936 1040 939 1044 ·
957 1021 1043 1110 Sed,
1069 1037 1107 1092 ut

76 1142 123 1193 ¹57
139 1146 183 1194 eo
196 1142 400 1214 revocetur,
428 1125 515 1197 unde
534 1124 600 1197 buc
620 1124 800 1199 declinavit
819 1127 950 1215 oratio,
975 1153 1020 1199 ex
1042 1126 1104 1199 tri·
1145 1140 1148 1144 '

143 1228 205 1309 bus
225 1229 291 1303 istis
308 1229 488 1304 clarissimis
510 1229 741 1327 philosophis,
768 1258 854 1330 quos
875 1235 1024 1318 Romam
1046 1258 1106 1307 ve·

141 1338 221 1411 niffe
245 1339 375 1430 dixisti,
412 1340 546 1414 videsne
564 1342 758 1438 Diogenem
781 1342 900 1433 suitte,
930 1345 989 1442 qui
1012 1343 1105 1417 dice-

141 1464 212 1536 ret,
237 1465 340 1521 artem
354 1447 386 1521 se
409 1449 537 1520 tradere
560 1449 644 1520 bene
667 1449 869 1541 differendi,
886 1469 940 1524 ·et
956 1477 1040 1525 vera
1067 1476 1106 1526 ac

141 1556 219 1631 falsa
237 1559 468 1651 diiudicandi,
493 1584 596 1658 quam
621 1560 728 1634 verbo
756 1564 889 1637 Graeco
912 1575 1131 1647 aranearum.

142 1669 343 1767 appellaret?
370 1673 408 1743 In
420 1670 484 1745 hac
507 1687 593 1760 arte,
616 1667 640 1740 fi
661 1670 767 1742 modo
788 1670 836 1743 est
849 1671 931 1743 haec
945 1693 1019 1760 ars,
1033 1669 1109 1747 nui,

141 1777 211 1852 lum
237 1779 284 1853 est
297 1803 532 1877 praeceptum,
557 1805 627 1876 quo
646 1780 752 1851 modo
767 1803 887 1852 verum
899 1779 1107 1869 inveniatur,

52 1901 121 1972 ,¹58
142 1887 198 1961 sed
214 1906 343 1967 tantum
365 1889 437 1980 est,
462 1916 532 1988 quo
554 1892 659 1962 modo
683 1889 855 1963 iudicetur.
879 1891 1108 1982 Namomne,

32 2050 37 2056 «
138 2000 235 2098 quod
257 1999 446 2098 eloquimur
476 2000 541 2090 fic,
569 2019 606 2074 ut
627 2002 662 2072 id
690 2019 745 2073 aut
771 2001 835 2073 effe
855 1999 1026 2086 dicamus,
1049 2020 1127 2100 aut¹

70 2148 74 2155 ·
141 2132 213 2180 non
226 2106 311 2197 effe,
336 2108 406 2182 etsi
421 2108 612 2206 simpliciter
625 2111 749 2183 didum
765 2111 828 2201 fit,
847 2108 1116 2208 itdcipiuntdia·

141 2217 275 2310 tetrici,
302 2235 339 2291 ut
361 2218 526 2310 iudicent,
552 2244 715 2295 verumne
734 2218 797 2310 fit,
824 2245 872 2291 an.
892 2218 1011 2324 falsum
1024 2247 1054 2304 ε,
1074 2239 1111 2294 et

142 2328 356 2405 neoniunue
369 2329 408 2403 fit
427 2331 573 2421 elatum,
601 2350 634 2404 et
652 2333 801 2417 adiunda
827 2332 889 2404 smt
903 2332 964 2417 alia
977 2332 1110 2418 ‚.·iudi.·

88 2513 96 2521 ,
139 2454 243 2527 tent,
268 2438 665 2530 momentaneam,
689 2457 723 2511 et
743 2465 866 2515 verane
880 2440 1056 2513 summasn
1069 2468 1111 2513 u-

145 2544 378 2643 niuscuiusque
401 2547 559 2619 rationis:
577 2567 611 2621 et
629 2548 671 2621 ad
688 2564 872 2641 extremum
885 2545 945 2642 ipfi
957 2546 988 2625 se
1013 2569 1112 2619 com-

22 2734 25 2739 *
143 2668 296 2751 pungunt
317 2650 621 2747 suia'acuminibus,
649 2677 683 2746 et
700 2656 802 2729 multa
819 2655 1036 2753 quaereud0,
1055 2678 1112 2753 re-

144 2765 279 2862 periunt
296 2789 367 2837 non
393 2766 503 2838 modo·
527 2790 586 2856 ea,
620 2793 704 2864 quae
729 2766 797 2839 iam
814 2790 883 2837 non
901 2765 1024 2862 poffint
1048 2764 1114 2861 ipfi

145 2874 349 2966 didonem,
383 2875 557 2949 sedetiam
584 2877 704 2973 quibus
727 2898 803 2952 ante
822 2877 965 2967 exorsa,
989 2894 1025 2951 et
1044 2902 1111 2973 po-

80 3017 126 3069 ¹59
145 2989 211 3063 tius
227 2988 360 3061 detexta
374 3010 500 3085 prope,
522 2991 720 3061 retexantur.
747 2990 815 3077 Hie
825 3014 887 3063 nos
903 2989 1006 3086 igitur
1017 2990 1112 3062 stoi-

146 3125 206 3180 cus
219 3099 277 3173 iste
294 3100 376 3173 nihil
389 3100 550 3192 adiuvat,
578 3103 739 3200 quoniam
753 3104 1040 3202 quemadr'nodann
1057 3104 1113 3177 in·
1140 3147 1144 3155 ·

79 3276 81 3280 a
148 3214 282 3289 veniam
303 3213 383 3315 quid
406 3213 533 3306 dicam,
558 3216 760 3291 nondocet:
785 3234 884 3314 atque
903 3206 1132 3311 ideme‘tiam

98 3367 101 3372 ⁴
147 3327 308 3423 impedit,
334 3316 428 3425 quod
450 3343 484 3400 et
507 3327 609 3400 mrdta
632 3328 778 3424 reperit,
809 3353 894 3428 quae
920 3347 1019 3430 neget
1040 3330 1113 3405 ullo

148 3438 255 3514 modo
267 3437 361 3533 poffe
375 3438 529 3528 dissolvi,
554 3455 587 3510 et
609 3463 710 3535 genus
733 3439 894 3513 sermonis
914 3438 1013 3515 affert
1032 3444 1115 3524 'non

148 3548 331 3647 liquidum,
358 3574 429 3625 non
449 3549 559 3622 fusum
572 3574 610 3620 ac
624 3550 810 3645 profluens,
837 3552 891 3627 sed
907 3552 1114 3642 exirm-aria

90 3719 93 3725 ,
148 3660 250 3750 dum,
265 3656 434 3731 concisum
455 3682 493 3731 ac
506 3657 680 3731 min'utum.
704 3659 834 3756 quodsi
847 3659 920 3757 quis
941 3660 1117 3755 probabit,

146 3773 193 3849 ita
206 3774 380 3872 probabit,
395 3790 432 3846 ut
446 3773 573 3848 oratori
593 3791 704 3850 tamen
717 3793 832 3874 aptum
845 3799 916 3849 non
932 3774 998 3860 effe
1011 3773 1116 3871 faten-
