2302 4304
315 234 682 411 ¹rrnrnr
900 413 903 419 .
980 328 1018 404 η

51 456 193 558 pedibus
229 456 331 552 fecit,
365 481 403 533 ut
429 456 462 532 se
491 458 649 534 obiiceret
680 452 901 563 inberbam'‚
925 489 1025 565 arque

51 569 98 642 ita
136 569 214 656 illa,
249 593 334 668 quae
373 565 566 665 philosophi
601 566 762 667 divinints
805 571 918 649 ferum
958 578 1024 652 esse

53 682 163 772 dida,
185 682 403 780 loqueretur,
436 680 471 754 id
498 678 580 752 meis
610 675 749 775 pedibus
771 668 859 755 certe
882 686 1025 759 concedi

52 789 101 863 est
114 790 261 888 aequius.
280 791 369 862 Ttun
384 785 538 861 Crassum
553 813 562 859 :
580 790 690 858 Immo
709 810 796 862 vero
814 792 1024 871 commodius
1040 821 1071 870 2,

50 903 182 988 etiam3
210 900 433 998 pulvinosque
467 894 676 996 poposcisse,
711 913 745 968 et
771 920 891 970 omnes
921 901 958 971 in
985 903 1026 976 iis

52 1012 208 1111 sedibus,
229 1039 312 1113 quae
333 1032 429 1087 erant
442 1000 499 1084 sub
513 1011 668 1109 platano,
682 1010 865 1084 consedisse
885 1014 1025 1089 dicebar.

103 1125 179 1217 lbi,
207 1144 245 1198 ut
270 1150 312 1198 ex
339 1122 480 1224 pristino
515 1121 668 1194 sermone
703 1120 929 1195 relaxarentur
955 1126 1099 1204 ani·s=

53 1235 105 1308 mi
131 1237 309 1326 omnium,
329 1234 455 1307 solebat
474 1232 581 1304 Cotta
603 1254 758 1320 narrare,
779 1231 931 1305 Crassum
959 1232 1026 1305 ser·

53 1373 193 1422 monem
221 1347 385 1442 quendam
412 1345 455 1418 de
482 1340 590 1415 studio
616 1341 748 1416 dicendi
774 1341 926 1415 intulisse.
955 1345 1025 1437 Qui
1039 1365 1072 1416 ³0

53 1477 134 1524 cum
170 1453 218 1523 ita
253 1450 331 1525 esset
371 1448 545 1527 exorsus:
573 1449 654 1522 Non
682 1446 742 1521 srbi
777 1450 1025 1525 cohortandum

51 1562 235 1658 Sulpicium
252 1580 287 1634 et
307 1562 473 1652 Cottam,
496 1560 551 1633 sed
569 1557 673 1658 magis
695 1578 876 1659 utriunque
900 1564 1026 1636 collau·

53 1672 203 1775 dandum
224 1671 354 1761 videri,
371 1670 465 1768 quod
491 1687 616 1743 terrram
634 1669 699 1749 iam
719 1668 823 1744 essent
835 1668 1023 1750 facultatem

54 1784 190 1882 adepti,
214 1804 252 1858 ur
277 1809 347 1860 non
362 1786 550 1885 aequalibus
573 1785 637 1860 suis
654 1785 760 1859 solum
781 1806 1024 1884 anteponeren-

52 1913 130 1985 tur,
153 1893 209 1967 sed
230 1920 307 1973 curn
330 1894 517 1994 'maioribus
542 1916 622 1968 natu
647 1916 931 1993 compararentur.
958 1902 1023 1974 Ne·

55 2031 125 2104 que
162 2032 249 2082 vero
275 2007 358 2080 mihi
390 2008 603 2106 quidquam,
636 2008 772 2108 inquit,
798 2010 1022 2107 praestabilius
1085 2102 1108 2119 Ὗ

54 2117 216 2209 videtur,
253 2143 354 2216 quam
387 2117 481 2215 posse
515 2118 658 2194 dicendo
697 2139 812 2193 tenere
847 2119 1024 2196 hominum
1108 2147 1111 2152 ’

53 2252 204 2321 coetus,
239 2251 366 2303 mentes
407 2227 564 2320 allicere„
604 2228 793 2303 voluntates
829 2229 1023 2326 impellere,

54 2363 130 2435 quo
155 2339 267 2413 velit:
290 2340 377 2411 unde
395 2358 504 2413 autem
530 2339 625 2431 velit,
647 2339 820 2413 deducere.
847 2341 940 2413 Haec
959 2366 1023 2417 una

56 2470 108 2518 res
137 2446 173 2517 in
195 2445 290 2518 omni
306 2446 412 2522 libero
440 2445 592 2542 populo,
608 2446 819 2543 maximeque
840 2446 875 2517 in
901 2449 1023 2542 pacatis

56 2554 308 2653 tranquillisque
335 2554 541 2647 civitatibus,
554 2552 728 2652 praecipue
747 2552 875 2652 semper
885 2554 1021 2646 floruit,

56 2659 255 2760 semperque
282 2656 452 2735 dominata
483 2662 537 2739 esl.
574 2667 668 2761 Quid
687 2668 777 2742 enim
803 2669 932 2744 esl'aur
954 2690 1019 2743 tam
1036 2694 1064 2750 32

54 2776 266 2867 admirabile,
281 2803 380 2877 quam
407 2802 448 2850 ex
467 2775 824 2855 insinira‘multitudine
845 2783 1021 2856 hominum

56 2885 209 2960 exsrslere
241 2903 366 2977 unum‘,
403 2887 461 2986 qui
486 2888 542 2979 id,
588 2891 682 2988 quod
718 2890 873 2962 omnibus
907 2911 1020 2964 natura

57 2996 101 3068 fit
124 2999 253 3087 datum,
276 3000 332 3073 vel
344 2999 450 3090 solus,
466 2998 522 3072 vel
540 3024 616 3071 cum
640 3000 751 3096 paucis
769 2998 879 3071 facere
896 2999 1017 3096 polliri

58 3127 118 3181 aut
137 3131 204 3183 tam
226 3112 406 3186 iucundum
430 3112 567 3211 cognitu
588 3130 687 3209 atque
701 3110 836 3199 auditu,
857 3136 956 3209 quam
967 3112 1019 3183 sa-

59 3224 226 3319 pientibus
275 3224 442 3298 sententiis
491 3222 711 3322 gravibusque
756 3222 866 3296 verbis
906 3244 1024 3299 ornata·

59 3339 173 3411 oratio
199 3363 233 3413 er
259 3337 393 3436 polita?
421 3355 568 3423 auttam
599 3356 741 3433 potens,
770 3360 902 3433 tamque
924 3361 1021 3433 mag«

59 3447 216 3537 nificum,
243 3475 343 3549 quam
365 3450 480 3548 populi
501 3470 631 3538 morus,
658 3446 802 3521 iudicum
825 3446 1015 3546 religiones,

60 3559 189 3636 senatus
201 3564 421 3662 gravitatem,
435 3562 530 3635 unius
552 3561 703 3634 oratione
721 3560 900 3635 converri?
924 3558 1016 3648 Quid
1032 3573 1060 3627 32

63 3689 130 3744 tam
153 3698 260 3770 porro
279 3673 430 3773 regium,
452 3697 519 3746 tam
541 3673 694 3761 liberale,
714 3668 1014 3760 rammumficum,

63 3770 163 3888 ipram
190 3812 293 3886 opem
317 3789 407 3865 ferre
431 3786 652 3887 supplicibus,
674 3785 831 3864 excitare
859 3779 1015 3873 micros,
1113 3875 1115 3880 1
