2304 4304
397 266 696 340 ιιιιιιιι
806 272 849 365 χ
1005 256 1051 389 9<

59 430 233 530 polluntus
259 426 440 525 iudicare)
472 385 661 500 nostrorum
688 427 864 501 hominum
886 419 1028 505 multum

61 545 179 615 ceteris
195 541 211 639 [
227 540 445 640 hominibus]
456 541 606 612 omnium
622 540 766 638 gentiiun
789 541 1028 637 praestiterunt.
1047 547 1077 614 ιε’

61 653 195 744 Quibus
221 654 261 726 de
284 651 407 742 causrs,
422 652 496 750 quis
510 677 581 722 non
594 652 664 721 iure
686 650 847 742 miretur,
870 680 912 726 ex
933 651 1028 728 oniui
1051 669 1056 677 '
1077 749 1079 754 .

61 765 227 845 memoria
245 784 412 851 aetatum,
426 784 618 861 temporum
628 814 639 849 ,
659 760 933 850 civitatum,tam
954 768 1028 839 eri,
1074 802 1077 809 ’

62 905 165 977 guum
189 897 363 952 oratorum
393 903 568 951 numerum
591 877 766 950 inveniri?

111 988 176 1059 Sed
208 989 371 1071 nimirum
389 988 496 1065 maius
531 988 578 1061 est
613 988 660 1061 ho
709 987 894 1086 quiddam,
930 1017 1028 1089 quam

26 1102 29 1106 ’
63 1096 217 1170 homines
239 1099 439 1195 opinantur,
462 1121 496 1172 et
517 1014 731 1196 ρΙιιιὶιιιιᾸι
759 1102 883 1174 artibus
904 1100 1029 1176 studiis-

63 1235 130 1307 que
155 1211 342 1286 collectum.
373 1213 461 1306 Quis
489 1213 578 1286 enim
610 1213 746 1304 aliud,
737 1241 773 1284 m
795 1215 940 1288 maxima
962 1215 1063 1305 dis-5

64 1323 215 1394 centium
237 1326 468 1423 multitudine,
496 1327 622 1419 summa
643 1320 881 1430 'magistrumn
904 1330 1030 1426 copia,

66 1433 346 1528 praestantiffimis
373 1434 548 1509 hominum
571 1431 737 1540 ingeniiS,
762 1436 890 1509 infinita
914 1437 1028 1511 causa-

65 1569 140 1618 rum
182 1547 373 1650 varietate,
409 1545 611 1647 ampliffimis
652 1545 860 1642 eloquentiae
896 1571 1028 1642 propo-
1112 1555 1132 1608 ε’

64 1655 130 1728 sitis
152 1660 342 1755 ¹praemiii,
366 1658 443 1752 ‘effe
469 1658 582 1756 causae
613 1676 727 1754 putet,
756 1657 816 1729 nist
840 1658 893 1729 ,rei
920 1683 1028 1754 quan-

65 1766 154 1854 dam,
192 1768 419 1844 incredibilem
472 1765 764 1866 magnitudinem,
790 1791 828 1839 ac
854 1765 1029 1860 diffictdta-

65 1874 161 1946 tem?
198 1875 254 1947 Est
282 1879 372 1951 enim
399 1899 434 1951 et
464 1877 599 1950 scientia
626 1880 951 1975 comprehendenda·
972 1907 1076 1966 re·17

66 2006 141 2053 rum
145 1983 410 2082 plurimarum,
435 1985 503 2058 fine
531 2010 596 2083 qua
630 1987 814 2062 verborum
841 1990 1038 2066 volubilitas

29 2189 31 2192 Ι
64 2091 211 2186 inanis,
224 2114 324 2195 atque
350 2095 517 2168 irridenda
544 2093 628 2167 est·
662 2114 695 2168 et
718 2096 787 2194 ipsa
818 2097 927 2172 oratio
943 2125 1028 2172 oon-

65 2205 263 2298 formanda,
296 2207 367 2279 non
395 2189 512 2301 solum
519 2200 699 2296 eledione‚
729 2207 786 2284 sed
820 2205 919 2292 eiiam
946 2233 1030 2280 con-

66 2309 244 2389 ssrullione
267 2318 478 2411 verborum:
475 2338 527 2389 et
550 2342 667 2390 omnes
690 2318 878 2390 animorum
901 2342 1030 2408 motus,

65 2453 150 2524 quos
174 2414 349 2499 bominum
375 2413 488 2526 generi
512 2452 623 2498 rerum
646 2448 761 2499 natura
782 2428 914 2514 tribuit,
936 2428 1032 2525 peni*

66 2558 116 2612 tus
139 2539 376 2636 pernoscendi,
396 2539 495 2641 quod
511 2535 620 2609 omnis
639 2535 691 2610 vis
709 2536 860 2635 ratioque
883 2535 1039 2629 dicendi,

56 2642 101 2724 in
129 2656 274 2741 eorum,
304 2652 361 2750 qui
395 2649 556 2738 auditmt,
575 2646 739 2720 mentibus
770 2667 826 2721 aut
857 2647 1028 2739 sedandis,

67 2782 124 2835 aut
138 2761 320 2835 excitandis
335 2751 563 2857 expromenda
577 2753 632 2830 est.
645 2755 791 2831 Accedat
800 2761 919 2832 eodem
929 2787 1029 2860 opor·

65 2890 116 2957 tet
141 2871 235 2968 lepos
260 2870 399 2968 quidam
428 2865 654 2963 facetiaeque,
685 2881 718 2936 et
751 2867 894 2940 eruditio
920 2869 1029 2972 libero

66 2985 191 3080 digna,
218 2983 437 3080 celeritasque.
456 3003 490 3086 et
516 2977 664 3053 brevitas
686 2998 719 3052 et
747 2979 968 3078 respondendi
994 3011 1029 3061 et

65 3089 270 3179 lacessendi,
297 3089 404 3162 subtill
431 3086 599 3162 venustate
619 3107 716 3186 atque
739 3089 922 3165 urbanitate
944 3120 1027 3169 con-

66 3201 184 3275 iunlla.
232 3201 397 3284 ¹Tenenda
422 3222 592 3297 praeterea
621 3198 667 3270 est
695 3194 805 3274 omnis
824 3202 1025 3300 antiquitas,
1043 3229 1075 3283 ιι

66 3310 364 3407 exemplorumque
390 3310 470 3384 vis:
496 3308 604 3406 neque
630 3306 760 3405 legum,
783 3323 839 3381 aut
865 3310 943 3384 iuris
976 3314 1024 3387 ci-

65 3416 144 3494 vilis
157 3418 292 3492 scientia
318 3420 510 3518 negligenda
531 3417 586 3491 est.
617 3421 704 3509 Nam
724 3411 805 3518 quid
824 3446 888 3520 ego
910 3424 950 3497 de
970 3451 1025 3498 ac-

66 3529 161 3599 tione
180 3529 248 3626 ipsa
266 3530 359 3628 plura
377 3531 514 3604 dicam?
536 3557 620 3629 quae
639 3552 735 3604 motu
753 3535 925 3632 corporis,
941 3562 1025 3633 quae
1127 3520 1132 3530 ’

68 3636 183 3734 gestu,
210 3663 293 3736 quae
318 3640 437 3729 vultu,
463 3665 546 3738 quae
567 3640 663 3714 vocis
695 3641 963 3717 conformatione
986 3671 1024 3720 ac
1081 3631 1092 3662 ⁹

68 3746 228 3826 varietate
258 3750 459 3828 moderanda
481 3749 527 3838 est
551 3775 560 3824 z
588 3755 672 3851 quae
699 3752 767 3829 sola
780 3824 784 3829 .
799 3781 858 3852 per
890 3753 922 3831 se
955 3753 1024 3853 ipsa
1086 3759 1100 3854 J
