2302 4304
136 282 207 378 ιιι
376 276 882 354 ιιι.·οιιιτοιιιι

135 444 275 522 niamus.
322 443 416 515 Nihil
435 439 485 514 est
501 440 592 513 enim
605 439 640 510 in
662 439 833 531 dicendo,
862 439 1006 529 Catule,
1030 451 1100 512 mai

135 558 212 645 ius,
237 579 339 653 quam
354 570 392 626 ut
404 548 518 624 faveat
532 549 660 625 oratori
673 547 726 640 is,
748 550 808 648 qui
830 551 964 641 audiet,
995 569 1100 652 utque

135 663 205 762 ipse
227 661 272 734 fic
294 674 496 745 moveatur,
528 673 567 728 ut
590 655 717 753 impetu
744 657 893 765 quodam
917 659 1039 751 animi,
1066 677 1100 747 ct

133 772 382 873 perturbatione
399 767 524 864 magis,
542 789 644 863 quam
656 764 801 857 iudici0,
823 785 879 838 aut
890 767 1041 858 consilio,
1055 792 1101 839 re

137 900 243 981 gatur.
292 880 387 951 Plura
400 876 492 949 enim
517 874 624 946 multo
650 872 803 946 homines
820 873 964 946 iudicant
991 874 1102 965 odie,

135 1012 195 1066 aut
208 1016 341 1080 amore,
363 1007 420 1061 aut
434 986 634 1083 cupiditate,
657 1007 713 1057 aut
736 984 928 1075 iracundia,
961 1003 1019 1058 aut
1037 986 1102 1058 do-

134 1102 231 1194 lore,
257 1121 314 1175 aut
333 1099 477 1188 laetitia,
501 1112 558 1168 aut
576 1096 654 1193 spe,
680 1113 736 1168 aut
759 1096 901 1184 timore,
929 1115 988 1168 aut
1006 1121 1102 1169 erro·

135 1234 196 1300 re,
218 1225 274 1281 aut
291 1208 398 1305 aliqua
424 1203 637 1301 permotione
657 1201 801 1292 mentis,
826 1227 928 1300 quam
945 1204 1102 1291 veritate,

138 1338 195 1393 aut
213 1319 441 1416 praescripto,
461 1335 518 1389 aut
538 1316 619 1389 iuris
638 1340 759 1389 norma
781 1316 913 1414 aliqua,
942 1318 1002 1388 au't
1017 1314 1104 1387 iudi-

68 1453 121 1506 179
139 1426 184 1498 cii
197 1424 365 1514 formula,
393 1446 449 1496 aut
457 1422 594 1520 legibus.
618 1425 750 1525 Quare,
775 1422 836 1494 nisi
853 1422 936 1522 quid
950 1422 1053 1499 vobis
1076 1449 1105 1495 a

138 1534 208 1607 liud
225 1535 358 1632 placet,
389 1534 431 1605 ad
455 1533 509 1605 illa
527 1558 710 1632 pergarnus.

67 1700 110 1727 „,
137 1718 140 1723 ,
188 1644 351 1729 Paulum,
373 1641 482 1741 inquit
500 1643 662 1733 Catulus,
686 1644 787 1717 etiam
809 1670 898 1717 nunc
918 1642 1104 1719 deeffe'vi-

139 1751 234 1825 detur
256 1749 296 1823 iis
322 1750 446 1839 rebus,
472 1749 621 1839 Antoni,
650 1774 731 1847 quas
744 1751 945 1847 exposuisti,
963 1754 1105 1850 quodsit

140 1859 200 1933 tibi
213 1876 287 1931 ante
300 1857 553 1954 explicandum,
579 1881 678 1954 quam
691 1857 768 1929 illuc
782 1856 1008 1954 proficiscare,
1032 1882 1105 1956 quo

121 2048 124 2055 ,
134 1987 172 2061 te
196 1970 280 2058 dicis
310 1970 490 2041 intendere.
539 1968 733 2058 Quidnam?
769 1969 885 2066 inquit.
924 1972 996 2064 Qui
1016 1971 1106 2043 ordo

133 2078 202 2156 ,tibi
219 2077 365 2175 placeat,
392 2076 500 2173 inquit
517 2075 657 2149 'Catulus
671 2118 692 2166 ,ι
704 2099 738 2149 et
756 2102 840 2175 quae
863 2079 1035 2175 dispositio
1055 2107 1107 2154 ar·

135 2187 395 2287 gumentorum',
411 2187 458 2271 ¹in
480 2212 546 2285 qua
572 2206 617 2261 tu,
631 2188 716 2261 mihi
736 2187 864 2284 semper
888 2189 968 2264 deus
995 2192 1105 2265 videri

78 2325 124 2378 ,ιο
140 2298 232 2388 solen
263 2299 367 2385 ,Vide
393 2323 493 2395 quam
506 2296 566 2370 sun
588 2296 623 2369 in
637 2295 699 2369 isto
719 2322 858 2399 genere,
882 2300 1018 2398 inquit,
1045 2303 1107 2374 Ca·

140 2405 225 2497 tule,
251 2406 341 2479 deus.
365 2430 436 2478 non
447 2403 634 2489 mehercule
646 2403 745 2492 mihi,
763 2405 822 2476 nisi
836 2407 1033 2535 admonito,
1050 2435 1106 2484 ve

140 2517 263 2590 nisset
254 2545 290 2589 m
304 2535 465 2589 mentem:
493 2530 529 2588 ut
542 2516 641 2612 poffis
654 2516 849 2610 existimare,
876 2547 932 2592 me
949 2521 983 2593 in
997 2548 1057 2613 ea,
1070 2524 1105 2595 in

140 2627 261 2724 quibus
275 2651 516 2724 nonnunquam
533 2627 657 2725 aliquid
675 2629 803 2702 efficere
818 2634 960 2747 videor,
985 2636 1046 2708 usu
1058 2637 1106 2710 so·

141 2738 233 2815 lere
224 2765 261 2810 m
278 2737 440 2829 dicendo,
465 2740 521 2813 vel
543 2741 619 2812 casu
640 2741 752 2836 potius
769 2710 945 2813 incurrere.
996 2746 1105 2816 Acres

141 2850 277 2974 quidem
295 2847 375 2940 ista,
398 2876 499 2947 quam
513 2876 597 2948 ego,
623 2852 785 2947 quianon
802 2851 1020 2940 norim,s1c,
1039 2873 1106 2926 tan-

141 2986 244 3060 quam
257 2958 411 3057 ignotum
425 2961 618 3050 hominem,
637 2963 878 3057 praeteribam,
900 2955 1033 3034 tantum
1045 2989 1105 3060 po·

138 3066 225 3142 test
216 3095 252 3142 ιιι
273 3067 441 3159 dicendo,
468 3087 507 3143 ut
515 3071 560 3141 ad
585 3069 789 3146 vincendum
808 3071 893 3144 nulla
906 3070 978 3167 plus
990 3071 1105 3196 poffit·

81 3212 126 3269 ιιι
144 3180 200 3253 sed
221 3201 333 3253 tamen
356 3122 441 3253 mibi
456 3180 580 3254 videris
594 3199 667 3254 ante
679 3199 810 3279 tempus
837 3181 1106 3255 ametationern

134 3288 273 3362 ordinis
301 3307 335 3362 et
357 3289 635 3419 disponendarum
655 3316 766 3365 rerum
790 3291 966 3389 requisisse
1014 3293 1107 3366 Nam

145 3399 246 3496 srego
260 3424 398 3472 omnem
415 3399 486 3475 vim
505 3403 647 3477 oratoris
660 3405 695 3476 in
719 3403 942 3504 argtunentiS,
969 3420 1003 3475 et
1020 3402 1057 3475 in
1069 3428 1107 3478 re

44 3504 47 3509 ’
144 3510 214 3609 ipsa
230 3534 289 3607 per
305 3509 337 3581 se
369 3513 619 3608 comprobanda
639 3514 839 3610 posuissem,
874 3537 1003 3609 tempus
1024 3513 1108 3589 esset

77 3653 83 3661 ,
146 3619 272 3703 iam‘de
299 3619 418 3690 ordine
441 3639 738 3718 argumentorum,
764 3647 798 3698 et
815 3624 856 3697 de
872 3623 1109 3722 collocatione

147 3728 270 3831 aliquid
285 3728 423 3825 dicere:
454 3728 510 3830 sed
534 3754 613 3815 curn
631 3732 695 3806 tria
718 3731 779 3808 smt
800 3757 889 3813 ame
902 3728 1110 3838 'proposua,
