2302 4304
142 277 208 360 ua
273 235 881 364 ’11110111Τό111

136 448 182 520 est
196 448 283 520 enim
309 448 344 521 in
364 451 443 546 ludo
462 450 629 524 causarum
643 451 714 526 fere
734 452 886 526 formula.
934 454 980 525 At
1005 468 1092 527 vero

40 612 50 627 ,
136 561 171 631 in
190 559 284 651 soro,
302 563 444 648 tabulae,
466 563 671 652 testimonia,
689 566 805 660 pasta,
831 585 1021 654 conventa,
1038 563 1093 634 lli-0

135 672 337 767 pulationes,
363 673 601 769 cognationes,
637 673 827 762 affinitates,
854 672 1008 757 decreta,
1040 696 1093 742 re-

136 783 272 879 sponsa,
295 783 365 855 vita
386 784 525 903 denique
540 809 681 869 eorum,
711 784 824 880 quiin
844 781 938 855 causa
954 781 1092 858 versan-

117 912 215 982 tur,
241 910 313 964 tota
339 860 578 990 cognoscebda
594 891 660 964 est:
698 918 835 989 quarum
858 917 968 964 rerum
991 891 1094 988 negli-

95 1037 97 1043 ·
137 1003 248 1101 gentia
266 1001 432 1112 plerasque
454 1000 582 1088 causas,
620 1021 653 1072 et
675 1001 816 1072 maxime
835 1002 979 1097 privatas
1003 998 1095 1097 (sunt

76 1133 119 1170 ¹01
139 1109 227 1181 enim
253 1110 358 1180 multo
378 1101 475 1204 saepe
488 1106 708 1206 obscuriores)
724 1110 874 1182 videmus
884 1089 1001 1181 bustu
1049 1113 1096 1181 lta

141 1225 307 1312 nonnulli,
329 1225 412 1295 dum
429 1249 565 1321 operam
584 1225 671 1296 suam
686 1225 821 1297 multam
839 1223 1016 1296 existimari
1031 1249 1096 1297 vo·

140 1338 233 1423 lunt,
255 1353 290 1405 ut
308 1352 383 1407 toto
405 1334 484 1408 soro
504 1336 666 1424 volitare,
696 1357 729 1408 et
755 1335 878 1409 acausa
901 1337 943 1408 ad
969 1337 1096 1409 causam

141 1443 189 1514 ire
207 1443 399 1530 videantur,
425 1442 532 1515 causas
545 1444 657 1544 dictmt
679 1446 870 1543 incognitas.
919 1448 956 1516 ln
969 1470 1039 1542 quo
1053 1443 1099 1516 est

141 1553 194 1624 illa
211 1553 343 1648 quidem
363 1578 479 1649 magna
496 1551 656 1643 offensio,
690 1556 745 1627 vel
768 1553 1008 1652 negligentiae,
1034 1553 1099 1625 sus·
1140 1630 1143 1636 ,

142 1661 246 1756 ceptis
267 1661 384 1733 rebus:
407 1661 463 1754 vel
477 1657 657 1757 perfidiae,
687 1662 846 1758 receptis:
872 1662 1040 1736 sedetiam
1058 1664 1100 1734 il·

143 1776 178 1846 la
196 1773 303 1846 maior
317 1773 497 1870 opinione,
536 1773 628 1870 quod
654 1799 754 1846 nemo
780 1772 889 1869 potest
912 1774 951 1851 de
977 1798 1016 1847 ea
1040 1799 1108 1863 re,

144 1913 244 1989 quam
269 1912 337 1974 non
366 1887 486 1972 novit,
511 1913 580 1958 non
602 1885 782 1982 turpissime
804 1886 922 1971 dicere.
947 1888 994 1958 ita
1018 1881 1099 1959 dum

73 2018 75 2023 ’
144 1993 280 2065 inertiae
304 1993 607 2088 vituperationem,
632 2017 714 2089 quae
728 1991 836 2064 maior
855 1991 921 2080 est,
947 2015 1100 2066 contem·

146 2124 246 2188 nunt,
270 2099 478 2196 assequuntur
492 2097 588 2169 etiam
610 2097 714 2185 illam,
740 2122 837 2194 quam
852 2097 953 2194 magis
971 2097 1031 2194 ipst
1044 2097 1101 2170 fu-

84 2248 130 2288 111
147 2215 260 2314 giunt,
286 2213 453 2287 tarditatis.
502 2211 659 2309 Equidem
675 2209 764 2281 soleo
790 2208 867 2280 dare
881 2214 1043 2304 operam‘,
1067 2231 1103 2282 ut

149 2328 190 2400 de
217 2325 270 2399 sua
284 2326 419 2424 quisque
441 2348 477 2396 re
496 2351 549 2397 me
569 2325 635 2421 ipse
661 2325 799 2413 doceat,
825 2343 878 2413 et,
911 2343 947 2396 ut
969 2349 1010 2395 ne
1031 2325 1103 2423 quis
1142 2412 1143 2419 ἵ

124 2455 128 2467 ’
149 2438 228 2509 alius
254 2435 353 2525 adsit,
381 2459 449 2533 quo
465 2432 597 2507 liberius
611 2434 785 2531 loquatur,
810 2451 843 2504 et
866 2458 961 2531 agere
985 2434 1104 2508 adver-

149 2545 222 2618 sa'rii
236 2546 381 2643 causam,
399 2563 436 2614 ut
447 2545 497 2614 ille
515 2562 587 2640 agat
601 2542 713 2629 suam,
739 2561 793 2630 et,
819 2540 979 2638 quidquid
997 2541 1105 2612 desua

22 2671 94 2734 1
150 2683 187 2730 re
208 2649 387 2765 cogitarit,
421 2657 455 2725 in
469 2656 614 2726 medium
609 2652 784 2751 proferat.
835 2657 946 2750 ltaque
961 2678 1036 2724 cum
1052 2654 1105 2725 ille

95 2717 312 2855 Ndiscelsrt,
332 2789 397 2838 tres
411 2764 576 2860 personas
601 2787 685 2835 unus
705 2763 843 2836 sustineo
855 2765 984 2867 summa
1005 2764 1107 2835 animi

128 2879 335 2974 aequitate,
362 2901 488 2963 meam,
514 2869 714 2960 adversarii,
739 2875 898 2948 iudicis.
924 2875 1021 2967 Qui
1014 2876 1108 2947 locus

111 3007 129 3052 ι.
152 2984 199 3058 est
207 2986 289 3070 talis,
301 3008 338 3056 ut
347 2985 416 3080 plus
427 2984 542 3055 habeat
557 2981 750 3071 adiumenti,
775 3008 872 3079 quam
888 2981 1107 3069 incommodi,

154 3097 240 3168 hunc
265 3080 376 3168 iudico
408 3092 695 3185 else'dicendum:
720 3091 776 3164 ubi
799 3095 869 3188 plus
887 3092 982 3181 mali,
1006 3118 1108 3190 quam

79 3209 235 3297 ¹-103bbni
261 3209 418 3303 reperio-⁴,
446 3207 478 3277 id
490 3224 601 3279 totum
626 3204 782 3276 abiudico
798 3222 895 3300 atque
915 3202 1024 3277 eiicio.
1062 3206 1110 3275 lta

90 3319 134 3413 ἰ’
157 3316 332 3411 assequor,
356 3335 393 3389 ut
419 3305 484 3386 alio
498 3338 665 3412 'tempore
692 3315 857 3411 cogitem,
896 3313 976 3410 quid
989 3314 1110 3403 dicam,

72 3444 79 3457 ¹
157 3425 276 3496 etalio
307 3425 435 3495 dicam:
473 3449 555 3520 quae
573 3426 640 3496 dun
668 3424 827 3520 plerique,
851 3420 986 3524 ingenio
1008 3420 1111 3506 freti,

157 3533 249 3605 simul
265 3529 396 3602 faciunt.
429 3531 483 3602 sed
503 3549 591 3602 certe
610 3531 709 3600 iidem
740 3528 785 3607 illi
804 3527 919 3598 melius
941 3525 1112 3622 aliquanto

159 3637 373 3725 dicerent,s1
387 3637 472 3708 aliud
485 3637 676 3713 sumendum
694 3635 753 3707 fibi
766 3657 894 3734 tempus
907 3634 948 3707 ad
963 3635 1114 3737 cogitan-

159 3749 262 3838 dum,
289 3747 376 3819 aliud
381 3718 623 3863 addicendum
648 3765 810 3844 putarent.

66 3878 165 4016 ι,
