2302 4304
364 274 589 384 LIBER
638 291 693 368 11.
960 322 1022 397 193

61 445 108 521 est
126 447 326 553 dicendum,
354 447 559 545 postremum
581 450 674 524 soleo
701 451 874 550 cogitare,
899 481 969 554 quo
987 486 1029 531 u-

62 575 112 630 tar
134 559 289 633 exordio.
313 560 571 658 namsrquando
583 560 617 633 id
630 561 776 659 primun
789 561 940 637 invenire
962 593 1029 641 vo-

63 666 129 759 lui,
159 668 288 741 nullum
303 660 388 740 mihi
404 669 576 760 occurrit,
598 669 658 741 nifi
676 687 731 741 aut
756 670 864 757 exile,
886 691 942 746 aut
964 701 1029 749 nu·

64 778 252 876 gatorirun,
278 797 335 853 aut
349 778 519 878 vulgare,
537 799 635 879 atque
658 804 848 852 commune.

111 886 280 982 Principia
298 902 413 977 putem
445 885 577 957 dicendi
602 886 731 982 semper
754 912 832 958 cum
858 907 1029 978 aceruata,
1043 885 1093 984 78

64 1020 97 1071 et
113 1017 243 1097 ¹acuta,
267 1017 303 1072 et
329 998 481 1072 instmda
493 998 685 1087 sententiis,
712 1020 787 1095 apta
801 998 934 1090 ¹verbis,
958 1018 1031 1073 tum

64 1133 150 1183 vero
171 1109 343 1182 causarum
369 1108 506 1206 propria
523 1106 588 1179 effe
611 1107 740 1181 debent
789 1107 900 1180 Prima
922 1107 969 1180 est
993 1135 1031 1182 e·

63 1219 136 1291 nim
158 1218 247 1316 quasi
274 1219 426 1316 cognitio
453 1241 488 1291 et-
522 1217 772 1294 commendatio
802 1216 965 1291 orationis
994 1217 1031 1291 in

63 1325 257 1423 principio,
283 1350 367 1423 quae
387 1326 549 1399 continuo
571 1351 670 1417 eum,
684 1325 743 1424 qui
765 1326 870 1412 audit,
884 1327 1031 1422 permul-

64 1460 142 1508 cere
163 1452 260 1532 atque
278 1433 422 1505 allicere·
436 1435 559 1521 debet„
586 1428 718 1532 inquo
739 1436 895 1508 admirari
913 1436 1004 1511 soleo
1017 1428 1094 1529 ,¹316

62 1567 135 1614 non
161 1541 318 1640 equidem
337 1540 416 1615 istos
438 1595 450 1631 ,
485 1541 544 1640 qui
565 1541 687 1614 nullam
712 1542 789 1615 huic
818 1544 867 1617 rei
891 1568 1031 1643 operam

62 1651 256 1724 dederunt:
280 1651 339 1742 {ed
363 1651 536 1738 hominem
552 1652 588 1723 in
618 1652 733 1749 primis
754 1653 909 1726 disertum
931 1675 1031 1754 atque

60 1757 230 1830 eruditiun
242 1811 255 1848 ,
282 1757 498 1857 Philipprun,
523 1758 582 1858 qui
615 1758 661 1831 ita
679 1757 762 1832 solet
788 1760 831 1832 ad
850 1761 1034 1840 dicendum·

60 1869 215 1967 surgere,
237 1886 301 1960 ut,
336 1869 430 1966 quod
443 1869 590 1967 primum
611 1871 752 1943 verbum
778 1869 949 1946 habiturus
967 1873 1030 1967 fit,

61 1983 206 2071 nesciat3
231 2000 265 2056 et
282 1985 327 2057 ait
346 1985 457 2076 idem,
480 2012 557 2058 cum
577 1986 749 2059 brachium
763 1988 1030 2083 concalefecerit,

61 2114 133 2194 tum
160 2097 195 2171 se
207 2084 312 2171 sdlere
332 2124 506 2197 pugnare3
533 2124 641 2198 neque
658 2099 823 2190 attendit,
850 2126 909 2174 eos
927 2103 1029 2199 ipsos,

61 2207 150 2280 unde
163 2207 234 2280 hoc
250 2207 352 2282 timide
376 2209 486 2300 ducat,
508 2211 576 2283 illas
590 2210 712 2306 primas
732 2209 837 2282 hastas
852 2212 898 2283 ita
910 2211 1030 2285 iadare

61 2315 199 2406 leniter,
214 2336 251 2390 ut
265 2337 298 2391 et
307 2319 472 2392 venustati
489 2321 543 2393 vel
561 2321 704 2389 maxime
717 2316 885 2406 serviant,
903 2336 935 2388 et
949 2319 1031 2390 reli·

61 2425 136 2522 quis
163 2425 294 2499 viribus
323 2427 387 2499 suis
417 2427 599 2499 consulant.
648 2426 768 2521 Neque
797 2423 843 2495 est
869 2425 1006 2498 dubium
1019 2480 1030 2515 ,
1045 2460 1096 2517 3¹⁷.

46 2535 145 2631 ,quin
179 2535 354 2608 exordium
379 2536 513 2609 dicendi
534 2536 713 2609 vehemens
749 2552 782 2607 et
804 2560 939 2633 pugnax
961 2563 1032 2611 non

62 2643 157 2742 saepe
171 2644 238 2716 effe
251 2645 385 2720 debeat:
407 2646 464 2719 sed
485 2645 509 2717 fi
531 2645 565 2716 in
592 2645 665 2742 ipso
677 2645 736 2718 illo
759 2646 956 2745 gladiatorio
974 2649 1031 2724 vi-
1079 2720 1082 2726 s

63 2769 114 2826 tae
139 2753 345 2845 certamine,
372 2780 441 2853 qno
466 2753 557 2826 ferro
580 2754 793 2843 decernitur,
816 2772 928 2828 tamen
954 2774 1031 2830 ante

65 2859 277 2960 congressum
293 2863 395 2947 multa
416 2860 524 2952 fiunt,
553 2887 639 2958 quae
653 2887 724 2934 non
748 2861 789 2933 ad
803 2862 946 2948 vulnus,
974 2861 1031 2934 sed

65 2973 105 3044 ad
130 2971 276 3069 speciem
291 2974 401 3046 valere
414 2974 607 3047 videantur:
631 2997 756 3070 quanto
783 2973 852 3045 hoc
874 2973 976 3070 magis
994 2973 1030 3045 in

64 3083 220 3178 oratione
239 3082 524 3180 exspectandum,
561 3086 596 3157 in
620 3110 685 3181 qua
710 3110 780 3157 non
806 3085 857 3159 vis
893 3085 1004 3178 potius
1016 3137 1031 3172 ,

64 3193 118 3264 sed
142 3193 317 3266 delectatio
343 3193 550 3290 postulatur?
573 3194 666 3268 Nihil
688 3187 735 3268 est
753 3196 894 3292 denique
915 3196 950 3267 in
971 3224 1030 3270 na·

66 3321 138 3375 tura
164 3329 280 3379 rerum
300 3304 477 3394 omnium,
504 3305 598 3403 quod
620 3305 652 3379 se
675 3303 870 3378 universum
889 3306 1030 3404 profun-

67 3415 137 3504 dat,
158 3434 193 3488 et
205 3418 298 3515 quod
312 3407 421 3490 totum
432 3436 568 3515 repente
581 3416 703 3491 evolet.
727 3415 771 3491 fic
793 3421 929 3509 omnia,
945 3446 1031 3519 quae

67 3521 176 3615 fiunt,
203 3551 354 3625 quaeque
370 3546 512 3625 aguntur
530 3524 712 3619 acerrime,
738 3527 917 3603 lenioribus
937 3529 1031 3624 prin-

68 3637 162 3732 cipiis
178 3660 294 3711 natura
303 3638 372 3735 ipsa
389 3638 581 3735 praetexuit.
617 3641 708 3712 Haec
718 3659 828 3714 autem
840 3642 875 3712 in
888 3639 1030 3711 dicendo
1045 3653 1093 3722 318

69 3743 1030 3840 nonextrinsecusalicundequaerenda,sedexipfisvisceris

56 3880 60 3887 ·
149 3845 255 3914 Cicer·
272 3845 366 3940 Opcr.
386 3848 463 3914 Vol.
485 3844 537 3913 ΙΙ.
733 3863 735 3866 ’
827 3842 862 3912 Ν

1048 4008 1085 4048 Δ
