2304 4304
398 274 691 346 uiuunt.
975 246 1025 368 43'

106 437 202 508 Num
224 456 262 508 tu
275 433 399 533 igitur,
423 434 530 532 inquit
547 433 733 530 Sulpicius,
759 457 839 518 me,
865 449 920 503 aut
935 431 1024 507 hunc
1043 467 1088 538 29

29 546 259 637 iconam,
250 571 299 618 rus
321 545 446 635 civile,
482 565 538 615 aut
556 568 627 615 rem
645 544 820 614 militarem
844 542 935 614 iubes
958 542 1024 614 dis·
1045 579 1087 629 131

59 661 168 747 cere?
197 687 274 733 nam
288 660 361 759 quis
375 661 416 732 ad
424 657 482 730 ista
496 656 634 746 summa,
644 679 742 754 atque
755 657 789 727 in
800 653 891 728 omni
905 679 1026 753 genere

62 752 234 899 perfesla,
260 770 367 868 potest
388 769 593 868 pervenire?
620 770 709 842 Tum
724 767 809 858 ille,
830 771 902 866 Ego
917 792 1027 855 vero,

62 884 192 982 inquit,
218 883 360 981 quodin
373 881 472 956 vobis
486 881 650 979 egregiam
676 879 842 978 quandam
877 902 914 947 ac
933 901 1029 971 prae-

62 1001 185 1073 claram
212 1000 359 1073 indolem
378 1000 421 1070 ad
443 1000 617 1076 dicendum
637 1000 702 1071 esse
721 998 898 1098 cognovi,
925 998 1028 1071 idcir·
1076 1082 1079 1087 ,

65 1137 105 1184 co
127 1112 212 1186 haec
232 1109 372 1208 exposui
391 1112 527 1185 omnia:
564 1137 625 1185 nec
643 1114 747 1212 magis
765 1113 806 1184 ad
839 1136 897 1184 eos
920 1111 1029 1182 deter-

64 1223 211 1312 rendos,
243 1222 303 1319 qui
319 1247 389 1296 nou
401 1222 556 1318 possent,
583 1210 746 1319 quam'ad
760 1249 849 1309 vos,
872 1222 931 1320 qui
950 1220 1030 1317 pos-

65 1333 155 1419 setis,
186 1333 395 1406 exacuendos
415 1333 670 1406 accommodavi
695 1332 885 1437 orationem
900 1357 1029 1419 meam:

65 1462 95 1513 et
116 1467 320 1540 quamquam
334 1442 370 1513 in
391 1436 533 1538 utroque
547 1440 693 1514 vestrum
716 1441 879 1515 summum
896 1442 962 1515 esse
976 1444 1030 1515 in-

64 1547 428 1649 geniumsludiumque
453 1548 629 1649 perspexi,
668 1558 781 1622 tamen
803 1551 907 1642 haec,
945 1577 1030 1650 quae

64 1661 136 1734 sunt
161 1662 197 1733 in
212 1659 318 1758 specie
332 1661 456 1758 posita,
481 1662 522 1734 de
540 1662 659 1759 quibus
682 1662 775 1758 plura
795 1648 931 1735 sortasse
945 1663 1029 1750 dixi,

64 1796 164 1866 quam
176 1769 284 1844 solent
297 1772 418 1845 Graeci
431 1772 567 1861 dicere,
594 1773 628 1842 in
646 1790 704 1859 te,
731 1771 875 1867 Sulpici,
912 1771 1030 1845 divina

64 1876 146 1950 sunt.
172 1881 246 1976 Ego
260 1878 350 1949 enim
369 1879 551 1966 neminem,
577 1904 637 1952 nec
652 1900 748 1951 motu
769 1880 949 1977 corporis,
973 1906 1031 1953 ne·
1052 1911 1098 1964 132

14 1996 16 2023 ³
65 2016 128 2091 que
148 1991 222 2087 ipso
241 1990 355 2063 habitu
377 2009 474 2090 atque
495 1991 606 2066 forma
624 1992 810 2090 aptiorem,
851 2017 912 2064 nec
941 2015 1031 2064 voce

63 2101 253 2196 pleniorem
269 2126 346 2190 ,aut
355 2103 541 2180 suaviorem
553 2102 636 2175 mihi
649 2103 769 2178 videor
783 2102 905 2176 audisse
919 2129 928 2175 ε
943 2126 1029 2200 quae

62 2209 185 2305 quibus
210 2236 227 2280 a
246 2229 363 2286 natura
382 2211 512 2283 minora
538 2211 613 2284 data
627 2209 717 2300 sunt,
743 2232 856 2285 tamen
874 2210 955 2281 illud
980 2208 1032 2280 as-

62 2319 156 2416 sequi
182 2319 342 2418 poffunt,
380 2341 417 2395 ut
446 2322 505 2407 iis,
532 2346 615 2417 quae
646 2321 809 2410 habeant,
836 2320 971 2390 modice
999 2337 1034 2392 et

64 2428 205 2505 scienter
218 2450 370 2521 utantur,
391 2456 424 2503 et
437 2450 473 2504 ut
487 2455 528 2504 ne
552 2429 718 2502 dedeceat.
753 2429 790 2498 Id
804 2429 893 2497 enirn
907 2426 953 2497 est
967 2453 1034 2499 ma*

64 2538 154 2612 xime
167 2539 355 2629 vitandum,
364 2555 397 2611 et
411 2539 452 2611 de
466 2537 533 2609 hoc
547 2560 616 2609 uno
629 2535 766 2606 minime
775 2533 821 2606 est
831 2525 927 2608 'facile
936 2562 1034 2634 prae·

63 2644 200 2740 cipere,
220 2646 385 2718 nonmihi
406 2648 535 2736 modo,
561 2645 619 2744 qui
632 2643 712 2718 ficut
730 2670 813 2719 unus
840 2647 1034 2744 paterfami-

62 2751 141 2845 lias,
164 2755 215 2829 his
233 2756 273 2827 de
287 2757 383 2831 rebus
396 2757 522 2854 loquor
536 2810 548 2848 ,
575 2754 631 2829 sed
648 2755 746 2829 etiam
761 2755 820 2853 ipsi
834 2756 879 2829 illi
893 2757 1033 2852 Roscio,

61 2889 163 2961 quem
194 2864 291 2964 saepe
309 2868 408 2941 audio
435 2869 543 2940 dicere
553 2887 690 2965 ,caput
712 2866 776 2940 else
798 2868 888 2959 artis,
912 2875 1032 2945 decere

61 2976 159 3072 quod
176 2995 286 3050 tamen
308 3005 410 3052 unum
428 2981 539 3057 idesse
555 3034 566 3071 ,
588 2980 774 3078 quodtradi
788 3003 856 3055 arte
871 3009 941 3056 non
954 2986 1034 3082 pos-

62 3083 113 3153 stt
162 3085 243 3172 Sed,
265 3085 427 3184 fiplacet,
442 3080 628 3163 sermonem
642 3088 708 3160 alio
721 3091 973 3185 transferamus,
1000 3115 1079 3182 et13
1054 3130 1097 3183 33

64 3193 183 3268 nostro
205 3222 302 3274 more
317 3203 519 3302 aliquando,
544 3228 615 3273 non
627 3202 825 3293 rhetorico
849 3204 1033 3302 loquamur

110 3305 250 3382 Minime
264 3338 371 3405 vero,
389 3315 496 3413 inquit
507 3315 619 3387 Cotta.
638 3339 727 3386 nunc
741 3314 830 3385 enim
844 3333 877 3387 te
891 3314 957 3388 iam
969 3342 1032 3388 ex·

60 3442 197 3492 oremus
233 3426 362 3497 necesse
393 3425 464 3513 est,
496 3425 655 3523 quoniam
679 3425 801 3498 retines
820 3451 884 3500 nos
902 3427 938 3499 in
964 3428 1032 3498 hoc

61 3529 185 3619 studia,
208 3560 269 3609 nec
283 3538 325 3608 ad
338 3536 434 3608 aliam
450 3537 588 3608 dimittis
602 3557 730 3626 artem,
759 3556 796 3609 ut
810 3538 908 3611 nohis
927 3537 1034 3633 expli·
1117 3552 1119 3556 ’

61 3666 137 3727 ces,
160 3642 321 3742 quidquid
335 3644 381 3715 est
402 3644 506 3732 istud,
548 3645 641 3746 quod
659 3664 695 3719 tu
711 3646 745 3717 in
764 3646 905 3720 dicendo
919 3663 1032 3739 potes:

58 3756 1030 3857 ΜΜΜΜΜιψΜΜ

275 4056 285 4107 l
