2302 4304
64 301 203 400 '¹,04
295 280 460 367 “De
508 284 880 372 O'RATORE

106 470 109 475 '
130 450 353 526 testimonium
370 454 463 560 saepe
486 456 662 531 dicendum
688 459 733 532 est
747 488 824 551 ,ac
848 487 1092 562 nonnunquam

62 561 66 569 ’
128 563 228 637 etiarn
250 568 457 660 accuratiuS,
482 591 520 644 ut
532 572 616 644 m1h1
642 515 769 646 necesse
792 575 884 650 fuit
876 604 912 649 rn
930 579 1005 649 Sex.
1025 578 1090 649 Ti·

127 670 231 764 tium,
255 674 442 751 seditiosum
470 681 580 753 civem
598 701 633 755 et
654 683 895 757 turbulentum:
921 685 1092 782 explicavi

127 777 164 854 in
185 805 226 852 eo
239 780 430 857 testimonio
453 785 621 880 dicendo,
646 790 759 861 omnia
781 791 913 864 consilia
939 792 1091 865 consula-

125 916 179 969 tus
200 897 293 969 mei.
320 898 439 997 quibus
468 900 514 972 illi
540 903 677 975 tribuno
677 904 823 1007 plebis.
834 931 897 1001 pro
920 905 1091 1003 republica

126 1004 333 1098 restitissem,
359 1028 519 1109 quaequel
529 1014 570 1087 ab
597 1039 640 1087 eo
655 1015 1022 1113 contrarempublicam
1035 1013 1089 1087 sa-

125 1117 175 1188 &a
202 1119 404 1213 arbitrarer,
442 1123 588 1222 exposui.
614 1128 671 1200 diu
688 1131 833 1201 retentus
851 1127 948 1217 sum,
983 1129 1122 1214 multa,

125 1230 260 1323 audivi,
280 1233 383 1305 multa
399 1231 577 1361 respondi.
618 1239 740 1311 Num
732 1237 840 1337 igitur
855 1237 1000 1334 placet,
1009 1263 1108 1315 curn„

126 1341 167 1413 de
170 1329 369 1440 eloquentia
395 1346 614 1443 praecipias,
635 1349 759 1446 aliquid
771 1348 871 1421 etiam
885 1349 926 1420 de
938 1348 1089 1423 testimo-

68 1477 109 1526 υ.
127 1453 188 1526 niis
192 1454 384 1555 dicendis,
420 1457 539 1554 quasi
530 1486 565 1530 ιη
591 1478 661 1532 arte
684 1460 841 1533 tradere?
869 1459 961 1533 Nihil
983 1440 1087 1562 sane,
1127 1482 1128 1485 ’

78 1587 110 1639 ⁴9
126 1567 234 1665 inquit
247 1569 396 1659 Catulus,
419 1545 971 1670 necesleest.Qu1dsr(quod
993 1570 1088 1668 saepe

124 1676 257 1751 summis
284 1678 365 1752 viris
378 1666 513 1779 accidit)
533 1679 686 1785 mandata
707 1679 769 1752 sint
792 1627 1010 1776 eriponenda,
1029 1697 1084 1752 aut

67 1860 72 1868 Δ
123 1787 160 1890 in
173 1789 353 1864 senatuab
344 1776 653 1889 imperatore,aut
671 1788 745 1876 ad
737 1814 999 1887 imperatorem,
1029 1808 1086 1862 aut

124 1902 167 1973 ad
189 1911 327 1999 regern,
364 1927 421 1974 aut
465 1904 507 1974 ad
527 1902 689 2000 populum
720 1901 862 1998 aliquem
898 1924 917 1970 a
949 1897 1088 2002 senatu?

124 2037 204 2082 num
217 2012 293 2109 quia
306 2036 424 2109 genere
443 2013 604 2088 orationis
617 2011 652 2082 in
665 2007 855 2102 huiusmodi
869 2007 971 2082 causis
990 2007 1088 2080 accu-

83 2112 92 2136 '
124 2125 246 2198 rariore
259 2125 305 2197 est
316 2126 500 2215 utendum,
523 2125 650 2198 idcirco
669 2123 866 2223 parsetiam
880 2122 961 2195 haec
975 2121 1088 2194 causa-
1128 2209 1131 2214 ⁵

123 2262 197 2309 rum
220 2237 427 2309 ‘numeranda
446 2235 580 2310 videtur
592 2291 604 2327 ,
649 2254 705 2326 aut
727 2234 871 2359 propriis
903 2233 1089 2330 praeceptis
1127 2241 1129 2246 ’

123 2328 339 2421 instruenda?
364 2348 505 2421 Minime
520 2372 626 2437 vem,
650 2345 758 2445 inquit
781 2343 926 2416 Catulus
952 2366 1022 2414 non
1048 2367 1086 2413 e·

123 2460 192 2532 nim
206 2462 312 2534 deerit
325 2461 454 2534 homini
476 2459 628 2533 diserto
620 2485 655 2556 ip
677 2455 839 2530 eiusmodi
864 2455 962 2526 rebus
982 2451 1089 2524 sacul-

42 2597 108 2649 50
123 2590 194 2659 tas,
223 2595 287 2640 ex
298 2570 415 2647 ceteris
438 2570 536 2642 rebus
564 2588 598 2642 et
625 2565 725 2640 caus1s
743 2581 944 2658 comparata.
994 2563 1088 2657 Ergo

123 2678 230 2767 item,
254 2675 386 2774 inquit,
412 2678 483 2768 illa,
505 2705 588 2777 quae
601 2679 699 2774 saepe
716 2675 833 2747 diserte
852 2671 975 2771 agenda
999 2671 1087 2760 sunt,

123 2801 157 2856 et
174 2806 257 2880 quae
271 2808 334 2881 ego
356 2785 455 2880 paulo
468 2803 543 2857 ante
560 2784 652 2884 (cum
665 2731 891 2880 eloquentiani
899 2775 1084 2884 laudarem)

108 2891 193 2989 dixi
230 2895 374 2980 oratoris
397 2895 482 2984 effe,
509 2920 616 2994 neque
641 2894 765 2968 habent
780 2890 872 2964 suum
899 2889 1012 2963 locum
1033 2888 1088 2960 ul-

96 3022 98 3026 ·
123 3001 193 3076 lum
206 3001 241 3075 in
255 3002 416 3077 divisione
429 3002 589 3101 partium,
617 3028 724 3101 neque
739 3024 866 3074 certum
888 3020 1088 3095 praecepto·

124 3140 199 3188 rum
224 3139 348 3214 gemis,
387 3133 420 3189 et
454 3115 580 3214 agenda
605 3113 680 3187 sunt
710 3138 780 3185 non
812 3112 920 3184 minus
943 3107 1088 3196 diserte,

125 3249 224 3323 quam
252 3226 387 3325 quaein
414 3225 470 3298 lite
489 3225 668 3313 dicuntur,
695 3222 912 3320 Obiurgatio,
929 3219 1093 3317 cohorter-⁶

126 3337 196 3426 tio,
222 3339 424 3412 consolatio:
451 3364 595 3438 quorum
617 3337 698 3409 nihil
720 3337 783 3426 est,
798 3335 891 3433 quod
913 3360 981 3405 non
995 3334 1089 3406 sum·

34 3501 36 3504 <
126 3475 180 3524 rna
204 3450 336 3539 dicendi
363 3471 558 3524 ornamenta
583 3449 765 3523 defideret:
801 3447 858 3520 sed
879 3472 921 3518 ex
943 3442 1089 3516 artificio

45 3565 49 3575 '
127 3588 180 3634 res
204 3559 281 3633 istae
301 3583 478 3657 praecepta
504 3586 575 3633 non
595 3580 768 3658 quaerunt
826 3557 963 3646 Plane,
978 3554 1090 3652 inquit

126 3671 279 3759 Caudex,
303 3668 468 3743 assentior

79 3816 108 3870 μ
175 3782 244 3880 Age
261 3803 375 3877 vero,
398 3776 507 3878 inquit
528 3775 713 3868 Antonius,
739 3773 846 3876 qualis
865 3749 1034 3895 oratoris,
1053 3792 1089 3889 et
