2302 4304
141 326 208 399 3m
464 303 774 377 BRUTUA

82 475 115 541 3⁶
134 487 234 562 quam
258 461 336 536 esset
364 463 488 537 elatius.
501 464 600 539 Huic
621 461 810 564 Hyperides
825 464 1043 563 proximus,
1067 485 1104 546 et

136 571 311 650 Aeschines
329 571 419 664 fuit,
439 597 472 647 et
492 577 689 674 Lycurgus,
706 595 741 649 et
761 578 973 669 Dinarchus,
992 598 1026 652 et
1045 582 1097 673 is,

129 681 223 754 cuius
252 682 338 756 nulla
364 627 489 756 exllant
508 685 653 782 scripta,
670 686 863 773 Demades,
885 689 1007 811 aliique
1028 694 1097 789 plu

130 821 194 870 res.
220 799 311 872 Haec
344 798 432 870 enim
458 813 547 868 aetas
581 794 698 867 effudit
733 795 818 866 hanc
844 795 1007 892 copiam;
1035 822 1095 890 et,

131 931 168 984 ut
192 914 311 1010 opinio
333 937 406 984 mea
427 910 521 1000 sert,
548 910 662 982 succus
678 910 759 998 ille,
784 931 818 982 et
843 909 997 1008 sanguis
988 936 1095 984 rncor

129 1043 245 1119 ruptus
266 1024 432 1122 usquead
462 1024 548 1096 hanc
566 1041 707 1095 aetatem
736 1041 909 1096 oratorum
942 1024 1031 1115 suit,
1055 1021 1090 1099 in

77 1147 109 1204 37
130 1158 194 1230 qua
211 1135 363 1207 naturalis
392 1134 530 1219 inesset,
556 1158 626 1205 non
645 1132 776 1205 fucants
800 1132 902 1204 nitor.
919 1133 1091 1208 Phalereus

129 1242 223 1315 enim·
246 1243 391 1317 successit
415 1244 462 1315 eis
486 1243 613 1314 senibus
634 1240 842 1330 adolescens,
859 1242 1088 1317 eruditiffimus

126 1353 182 1425 ille
196 1355 328 1451 quidem
343 1354 464 1426 horum
485 1353 657 1441 omnium,
672 1352 726 1423 sed
743 1376 813 1422 non
835 1348 901 1422 ta'm
920 1353 1021 1424 armis
1034 1352 1088 1424 in-

128 1463 265 1553 stitutus,
274 1489 371 1562 quam
380 1463 542 1560 palaestra.
565 1465 673 1561 itaque
686 1464 860 1535 deleoabn
873 1465 978 1563 magis
987 1469 1088 1541 Athe·

127 1570 608 1670 nienses‚quaminflammabau
619 1571 820 1667 processerat
832 1571 920 1644 enim
934 1577 971 1646 in
984 1575 1084 1650 solem

125 1701 160 1755 et
173 1685 360 1780 pulverem,
372 1708 441 1755 non
457 1702 520 1755 ute
538 1682 668 1773 militari
686 1681 920 1770 tabernacul0,
941 1682 998 1754 sed
1009 1700 1045 1756 ut
1065 1708 1085 1756 e

75 1811 107 1881 ,ε
125 1795 536 1893 Theophrasli,doslilsrmi
548 1793 704 1882 hominiS,
719 1790 927 1864 umbraculis.
937 1792 1004 1865 Hic
1015 1793 1083 1889 pri·

125 1897 197 1977 rnu's
220 1904 347 1977 inllexit
360 1905 563 1993 orationem,
582 1920 615 1975 et
633 1924 705 1975 eam
723 1902 857 1974 mollem
870 1924 1083 2004 teneramque

124 2014 282 2103 reddidit;
295 2036 329 2088 et
338 2015 456 2105 suavis,
466 2016 545 2088 ficut
557 2015 634 2105 fuit,
640 2015 747 2087 videri
761 2015 891 2104 maluit,
903 2006 1002 2112 quam
1015 2042 1083 2116 gras

124 2122 197 2212 vis,
210 2122 265 2196 sed
278 2122 433 2198 suavitate
452 2149 510 2212 ea,
523 2149 588 2221 qua
610 2116 821 2218 perfunderet
846 2123 998 2208 animos,
1013 2149 1081 2196 non

117 2257 189 2329 qua
205 2230 445 2329 perfringeret:
460 2249 591 2302 tantum
607 2247 643 2301 ut
664 2230 859 2301 memoriam
873 2231 1078 2302 concinnita-

123 2340 166 2411 tis
188 2339 287 2430 suae,
314 2365 384 2411 non
408 2338 721 2436 (quemadmodum
749 2337 789 2406 de
808 2336 932 2409 Pericle
956 2337 1078 2432 scripsit

123 2448 290 2551 Eupolis)
314 2475 389 2522 cum
413 2447 630 2520 deleslatione
643 2448 773 2519 aculeos
795 2446 893 2517 etiam
913 2447 1075 2544 relinque·

123 2574 174 2628 ret
197 2557 232 2627 in
256 2557 370 2628 animis
391 2581 529 2679 eorum,
542 2581 560 2627 a
575 2556 691 2653 quibus
712 2552 791 2626 esset
811 2552 947 2624 auditus.

63 2681 105 2734 10
171 2665 344 2737 Videsne
335 2666 451 2760 igitur,
478 2665 513 2736 in
531 2690 578 2736 ea
588 2665 655 2761 ipsa
671 2662 811 2753 urbe,
802 2690 838 2734 rn
856 2688 921 2759 qua
934 2680 968 2734 et
980 2677 1077 2752 nata,

72 2797 104 2850 39
123 2794 157 2848 et
178 2776 241 2846 alta
264 2763 304 2848 sit
329 2775 533 2873 eloquentia,
564 2803 663 2873 quam
690 2803 728 2850 ea
751 2777 824 2849 sero
855 2777 1050 2872 prodierit
1042 2802 1076 2847 m

121 2886 256 2958 lucem?
281 2888 449 2984 Siquidem
468 2907 542 2961 ante
555 2887 686 2960 Solonis
708 2906 863 2975 aetatem,
888 2904 922 2957 et
936 2887 1075 2959 Pisistra·

120 2997 162 3085 ti,
188 2998 228 3070 de
253 2991 363 3089 nullo,
388 3017 428 3071 ut
451 3000 589 3087 diserto,
621 2997 800 3071 memoriae
826 2996 996 3092 proditum
1019 2996 1073 3070 est
1103 3064 1107 3072 .

119 3112 165 3181 At
183 3110 218 3181 hi
239 3111 393 3208 quidem,
419 3127 455 3182 ut
472 3110 586 3206 populi
609 3111 753 3181 Romani
775 3126 860 3180 aetas
880 3106 944 3196 est,
966 3109 1071 3180 senes:

119 3245 157 3296 ut
191 3224 435 3296 Atheniensium
465 3223 571 3295 secula
591 3243 804 3294 numerantur
809 3275 822 3308 ,
842 3209 1073 3292 'adolescentes

100 3337 239 3426 ,debent
259 3337 377 3411 videri.
402 3341 489 3410 Nam
509 3335 565 3407 etfi
583 3336 701 3408 Servio
719 3336 833 3406 Tullio
853 3350 1009 3430 regnante
1022 3332 1072 3405 vi·

116 3434 278 3542 gnorunt,
300 3466 410 3518 tamen
430 3446 534 3517 multo
553 3446 671 3517 diutius
698 3445 846 3517 Athenae
868 3445 935 3514 iam
956 3460 1071 3534 erant,

117 3576 216 3651 quam
245 3553 291 3624 est
314 3557 424 3628 Roma
447 3556 488 3627 ad
510 3557 707 3631 hodiernum
730 3558 835 3630 diem!
871 3578 933 3626 nec
959 3573 1071 3626 tamen

116 3665 254 3756 dubito,
293 3666 372 3764 quin
397 3666 547 3741 habuerit
578 3667 648 3741 vim
672 3695 824 3766 magnam
842 3661 970 3764 semper
994 3689 1071 3737 ora-

67 3772 176 3851 totio.
222 3777 341 3874 Neque
362 3776 451 3851 enim
474 3775 539 3849 iam
560 3779 691 3856 Troicis
715 3778 921 3878 temporibus
941 3791 1069 3850 tantum
