2302 4304
134 344 202 421 ,ῳ
432 310 779 389 ·BRUTU5

128 480 282 555 nondum
299 473 536 575 suspicantem,
553 473 649 573 quale
660 471 760 559 esset,
773 459 914 571 copiose
927 491 961 544 et
977 484 1086 544 ormte

70 587 115 664 86
132 591 252 663 dicere.
300 585 439 658 Galbam
462 583 594 658 laudas:
615 582 641 656 fi
662 600 700 683 ut
732 582 816 656 illius
835 580 1085 679 aetatiuprinci-

67 720 117 797 ²⁹2
133 722 227 796 pem,
250 693 425 780 allennor3
440 691 486 765 fic
506 692 596 766 enim
617 691 821 791 accepimusz
845 692 895 766 fin
916 714 957 766 ut·
977 700 1085 765 otato-

133 829 227 896 rem,
253 804 362 894 cedo,‘
385 800 525 901 quaeso,
550 803 741 894 orationes,
778 800 871 902 (suut
890 802 1030 902 enim‚)
1055 818 1085 876 et

134 914 212 1003 dic,
234 914 344 1002 hunc,
367 936 467 1010 quem
488 928 526 985 tu
547 912 640 1009 plus,
663 935 763 1010 quam
789 932 844 1002 te,
869 936 982 1004 amas,
1008 913 1086 984 Bru·

134 1046 229 1118 tum,
260 1024 405 1100 vellete
435 1024 493 1100 illo
525 1027 631 1101 modo
656 1024 775 1098 dicere.
823 1024 952 1098 Probas
976 1022 1085 1122 lepidi

136 1136 318 1211 orationes.
340 1139 475 1235 paulum
508 1137 563 1212 hie
593 1137 655 1213 tibi
686 1134 870 1225 alienum,
907 1136 1018 1209 modo
1044 1135 1084 1208 ita

67 1250 74 1269 ⁵
135 1251 267 1339 laudes,
290 1269 328 1324 ut
352 1252 525 1352 antiquas:
558 1251 653 1350 quod
674 1251 754 1326 item
776 1248 818 1324 de
842 1249 1023 1341 Africano,
1050 1248 1088 1323 de

135 1362 267 1452 laelio,
304 1362 396 1435 cuius
427 1383 464 1436 tu
495 1362 649 1437 oratione
675 1387 773 1463 negas
805 1358 880 1435 fieri
912 1360 1087 1460 quidquam

133 1472 228 1571 polle
257 1473 392 1547 dulcius.
420 1474 511 1548 addis
536 1474 635 1548 etiam
666 1474 777 1550 nescio
802 1474 885 1575 quid
908 1469 1087 1574 augustin,¹

134 1584 272 1662 nomine
285 1610 347 1659 nos
360 1585 432 1684 capi
444 1587 561 1660 volens
570 1586 693 1659 summi·
701 1584 780 1673 uiri,
793 1583 951 1682 vitaeque
963 1584 1089 1684 elegan-

111 1693 276 1793 lollianae
301 1695 477 1770 veriffimis
503 1695 660 1769 laudibus.
710 1695 864 1768 Remove
888 1691 1005 1766 haec':
1033 1714 1087 1764 nae
1115 1752 1118 1759 .

135 1802 195 1877 illa
220 1804 324 1880 dulcis
347 1808 457 1881 oratio
484 1807 530 1881 ita
550 1806 589 1880 fit
613 1806 770 1895 alienu·
788 1820 826 1878 ut
846 1822 925 1876 eam
953 1800 1088 1900 aspicem

69 1930 120 1998 256
136 1935 237 1983 nemo
253 1912 346 1987 velit.
395 1915 586 1999 Carbonem
611 1913 648 1986 in
667 1909 800 1986 summis
821 1907 1011 1981 oratoribus
1033 1905 1087 1978 lui·

135 2020 242 2095 bitum
262 2022 356 2097 scio':
382 2023 437 2098 sed
458 2050 535 2098 eum
555 2026 591 2098 in
608 2023 727 2098 ceteris
743 2023 861 2109 rebus,
889 2039 966 2095 tum
980 2021 1017 2093 in
1029 2018 1088 2092 di-

133 2130 437 2231 cendo‚·semper,
466 2159 536 2233 quo
558 2131 639 2206 nihil
659 2131 706 2205 est
730 2131 868 2221 melius,
894 2128 932 2203 id
952 2126 1089 2218 laudari,

56 2237 1083 2339 'qfflmwufflstffisfflmfflmmefflm

133 2348 192 2420 etfi
213 2349 255 2422 de
271 2349 310 2423 iis
330 2377 368 2423 ea
383 2352 457 2427 sunt
474 2377 494 2426 a
513 2373 547 2426 te
567 2350 671 2443 diela,
693 2342 816 2450 'quibus
834 2372 900 2450 ego
920 2348 1083 2423 allentior.

132 2461 256 2539 omitto
278 2483 425 2539 ceteros:
450 2464 553 2540 venio
571 2466 613 2538 ad
635 2489 715 2555 eos,
739 2464 776 2538 in
792 2462 913 2561 quibus
934 2462 1006 2536 iam
1013 2484 1081 2558 per·

130 2568 252 2642 sellam
275 2595 369 2666 putas
403 2574 467 2646 effe
493 2574 730 2675 eloquentiam,
767 2598 853 2672 (pios
881 2597 949 2672 ego
974 2566 1081 2649 audivi

130 2673 199 2746 sme
230 2681 457 2753 controversia
488 2707 626 2784 magnos
662 2700 833 2772 oratores,
873 2674 1026 2752 Craffum
1055 2692 1087 2746 et

130 2785 326 2869 Antonium.
349 2790 391 2863 de
416 2792 538 2867 horum
569 2795 719 2870 laudibus
738 2792 799 2866 tibi
823 2789 960 2888 prorsus
983 2785 1081 2861 allen-

129 2891 218 2965 tior:
255 2894 312 2968 sed
348 2916 459 2975 tamen
490 2928 561 2976 non
594 2904 658 2978 isto
696 2902 824 2992 modo,
855 2917 894 2972 ut
923 2889 1082 2996 Polycleti

128 3001 378 3104 Doryphorum
399 3007 459 3084 fibi
478 3011 639 3110 Lysippus
651 3012 773 3099 aiebat,
788 3008 835 3083 fic
852 3025 889 3080 tu
906 3006 1083 3099 sualionem

96 3126 101 3197 j
128 3111 209 3211 legis
227 3117 385 3193 Serviliae
406 3120 470 3194 tibi
490 3122 677 3221 magistram
701 3120 807 3196 fuille.
824 3118 908 3193 haec
932 3133 1082 3217 germam

127 3216 238 3315 ironia
259 3225 316 3298 est
335 3253 394 3302 cur
411 3225 631 3320 ualentiam,
658 3257 729 3306 non
741 3231 875 3323 dicam,
905 3249 949 3298 ne
976 3246 1030 3296 me
1049 3217 1083 3291 ti·

62 3345 110 3408 ²97
127 3328 164 3403 bi
183 3331 334 3409 assentari
353 3364 458 3436 putes.
506 3344 641 3420 Omitto
660 3345 783 3445 igitur,
804 3364 895 3440 quae
908 3339 960 3411 *de
981 3335 1021 3408 iis
1039 3331 1083 3428 ip

127 3437 188 3533 ἧς,
213 3465 298 3541 quae
320 3446 361 3520 de
381 3453 517 3545 Cotta‚2
530 3481 614 3555 quae
634 3454 675 3531 de
687 3447 858 3553 sulpicio,
881 3471 971 3550 quae
982 3441 1083 3517 modo

49 3595 51 3599 -
124 3547 170 3620 de
181 3549 312 3627 »Coelio
334 3553 464 3636 dixeris.
486 3562 510 3635 ii
533 3564 623 3636 enim
648 3561 782 3636 buerunt
813 3578 904 3658 certe*
918 3574 1082 3630 oratores:

29 3689 32 3694 ¹
126 3660 242 3755 quanti
263 3681 397 3758 autem,
432 3689 466 3743 et
488 3673 622 3768 quales,
644 3689 682 3746 tu
707 3671 843 3750 videris.
894 3669 985 3743 Nam
1010 3659 1082 3739 illud

127 3770 237 3845 minus
255 3800 357 3870 curo,
380 3781 473 3881 quod
494 3783 678 3885 congessisti
698 3778 871 3884 operarios
892 3803 1027 3867 onmes;
1049 3788 1082 3849 ut
