2304 4304
316 390 319 396 Δ
418 294 714 369 trssenr.
803 374 808 381 ,
964 308 1135 378 ·61„

76 468 172 529 terea
184 471 323 542 tamen,
342 454 420 528 dum
440 454 545 548 haec,
564 482 647 556 quae
660 457 801 557 dispersa
814 459 908 554 sunt,
925 488 1050 565 cogun-

72 587 135 642 tur
147 623 160 656 ‚
188 571 244 645 vel
256 569 368 667 paffim
392 570 469 641 licet
491 593 679 666 carpentem
706 594 740 643 et
759 573 968 672 colligentem
982 606 1049 652 un·

71 680 213 793 dique,
235 682 356 778 repleri
370 680 482 755 iusta
469 682 552 755 ruris
566 681 672 755 civilis
686 681 829 755 scientia.
863 687 1034 760 Nonne
999 715 1049 764 vr·
1061 711 1106 782 43

68 781 197 880 detis,
234 793 378 922 equitem
409 795 618 884 Romanum,
658 794 831 867 hominem
867 800 1049 874 acutiffimo

66 906 240 978 omnium
254 906 415 1006 ingenio,
440 906 553 980 sed
509 909 647 981 mmime
674 908 791 982 ceteris
805 910 929 984 artibus
941 913 1052 985 erudi·

65 1033 180 1107 tum,
207 1017 246 1088 C.
258 1017 484 1108 Aculeonem,
508 1016 566 1115 qui
581 1044 711 1091 mecum
725 1019 832 1110 vivit,
858 1020 1053 1120 semperque

60 1127 203 1218 arixit,
228 1129 273 1202 ita
303 1147 417 1202 tenere
438 1130 488 1203 ius
515 1129 640 1220 civile,
663 1141 707 1203 'ut
732 1131 785 1221 ei,
812 1157 889 1205 cum
917 1132 959 1203 ab
985 1134 1052 1205 hoc

67 1243 312 1336 discesseritis,
332 1269 431 1319 nemo
451 1245 492 1317 de
516 1245 578 1334 iis,
601 1244 658 1343 qui
681 1245 864 1342 petitisfimi
886 1245 960 1319 sunt
973 1301 985 1337 ‚
999 1271 1054 1319 an·

71 1354 294 1452 teponatut?
332 1352 457 1425 Omnia
479 1351 568 1423 enim
591 1350 665 1424 sunt
688 1351 792 1447 posita
816 1371 891 1425 ante
913 1356 1112 1447 oculos,192

74 1465 312 1547 collocatam
342 1461 402 1535 usu
428 1460 684 1559 quotidiano,
675 1487 710 1532 m
733 1462 960 1559 congressione
983 1466 1050 1538 ho-

57 1573 218 1660 minum
246 1593 344 1668 atque
366 1569 401 1640 in
427 1567 532 1640 foro·
553 1591 661 1689 neque
678 1567 724 1640 ita
742 1568 853 1649 multis
879 1570 1093 1646 literisaut

75 1677 326 1762 voluminibus
336 1674 478 1774 magnit
490 1673 715 1747 continentur
737 1676 852 1747 eadem
869 1678 959 1749 enim
978 1678 1052 1753 sunt

68 1788 173 1863 elata
197 1787 343 1884 primum
371 1810 390 1856 a
420 1783 603 1879 pluribus·
632 1783 775 1870 deinde,
802 1785 914 1881 paucis
940 1787 1054 1861 verbis

83 1897 323 1986 commutatis,
347 1893 446 1966 etiam
466 1893 507 1963 ab
530 1892 647 1965 iisdem
674 1892 913 1991 scriptoribus,
933 1878 1051 1993 scripta

85 2009 164 2099 sunt
186 2007 318 2102 saepius.
346 2003 487 2077 Accedit
500 2028 598 2092 vero,
612 2028 680 2100 quo
694 2001 956 2100 faciliuspercipi
969 2029 1051 2101 cog·
1067 2028 1112 2080 193

85 2114 250 2212 noscique
272 2113 321 2185 ius
341 2110 441 2182 civile
466 2109 585 2206 poffit,
611 2107 629 2207 (
640 2109 732 2206 qnod
749 2109 885 2182 minime
904 2111 1052 2207 plerique

87 2221 290 2293 arbitrantur
303 2252 314 2304 ·,
327 2268 330 2274 ,
342 2215 358 2316 )
371 2217 455 2288 mira
481 2215 643 2313 quaedam
665 2216 701 2286 in
720 2215 955 2314 cognoscendo
980 2217 1052 2287 sua·

87 2328 176 2402 vitas
200 2347 235 2400 et
261 2323 443 2398 deleslatio.
474 2325 584 2411 Nam,
609 2322 679 2395 five
706 2349 805 2419 quem
828 2323 932 2394 aliena
950 2321 1052 2396 studia
1133 2400 1135 2404 Α

66 2439 276 2528 deleslant3
305 2434 446 2532 plurima
468 2432 531 2522 est,
554 2450 587 2503 et
612 2431 646 2502 in
669 2433 762 2503 omni
785 2433 856 2503 iure
880 2431 992 2521 civili,
1019 2455 1052 2506 et

90 2550 127 2624 in
144 2551 344 2650 pontificum
365 2550 480 2634 libris,
508 2565 541 2619 et
565 2546 599 2617 in
621 2547 686 2618 XII
716 2547 849 2633 tabulis,
876 2544 1051 2646 antiquita·

92 2664 134 2737 tis
155 2664 300 2763 effigies,
319 2662 411 2760 quod
432 2682 466 2731 et
492 2657 672 2732 verborum
686 2657 792 2755 prisca
811 2657 951 2733 vetustas
968 2686 1050 2758 cog-

91 2776 266 2866 noscitur,
291 2794 325 2848 et
360 2773 526 2846 asliomnn
553 2795 673 2870 genera
698 2774 858 2869 quaedam
884 2776 1051 2850 maiorum

83 2883 364 2960 consuetudinem
386 2881 557 2979 vitamque
580 2881 768 2953 daclarant:
790 2879 857 2956 sive
874 2883 947 2980 quis
970 2885 1052 2959 civi·
1094 2899 1097 2903 ’

90 2995 168 3092 Iem'
187 2992 359 3078 scientiam
377 2991 642 3096 contempletur,
669 3017 769 3089 quarn
795 2993 954 3068 Scaevola
980 3021 1051 3069 non
1103 3037 1107 3048 ·

49 3104 55 3112 ’
93 3114 221 3205 putat
214 3101 359 3185 oratoris
385 3100 449 3172 elle
471 3100 664 3198 propriam,
683 3099 737 3172 sed
751 3101 916 3174 cuiusdam
929 3128 971 3176 ex
984 3105 1050 3178 alio

93 3241 216 3342 genere
240 3200 460 3343 prudentiae3
488 3232 593 3286 totam
620 3214 734 3287 hanc
718 3212 922 3311 ‚descriptis
938 3217 1051 3289 omni

59 3332 63 3341 '
92 3327 156 3400 bus
182 3327 326 3404 civitatis
356 3326 546 3400 utilitatibus
568 3350 606 3397 ac
633 3327 803 3422 partibus,
838 3325 903 3399 XII
934 3327 1076 3417 tabulis

34 3510 38 3517 ,
94 3437 263 3510 contineri
299 3418 458 3511 videbit:
490 3434 559 3509 five
588 3444 688 3532 quem
718 3433 776 3507 ista
800 3456 995 3532 praepotens
1016 3455 1062 3510 et
1113 3499 1118 3509 .

95 3548 241 3647 gloriosa
258 3547 469 3647 philosophia
489 3548 650 3674 deledlat,
679 3544 818 3647 (dicam
840 3545 1050 3646 anicium>

91 3659 196 3733 Irosce
222 3662 362 3735 habebit
382 3660 493 3733 sontes
514 3660 665 3743 omnium
690 3658 946 3757 disputationum
980 3655 1051 3726 sua-
1116 3701 1136 3722 ,t

92 3791 192 3863 runt,
210 3769 269 3877 qni
281 3769 352 3892 inte
374 3754 467 3850 civili
484 3786 518 3848 et
525 3769 660 3926 legibus
683 3767 906 3847 continentur
935 3767 986 3847 Ex
999 3763 1051 3840 his
1066 3778 1128 3854 194‘
1149 3831 1151 3838 ,
