2302 4304
299 273 686 345 ·.LIBER11.
940 298 1077 369 127.

10 426 13 515 ἰ
98 433 139 504 Et
155 431 299 531 primum
328 458 429 530 genus
462 433 541 505 illud
561 434 674 507 earum
701 457 834 525 retum,
857 457 942 533 quae
965 436 1008 508 ad
1028 445 1077 498 ut

10 550 13 637 l
56 565 218 615 oratorem
248 540 460 633 deferuntur,
484 542 677 614 meditatum
705 543 802 615 nobis
828 543 864 616 in
887 569 1008 642 perpe·
1044 640 1050 651 ι

10 696 12 703 -
55 672 143 724 tuum
170 654 211 724 ad
238 677 373 725 omnem
399 651 492 724 usum
529 651 680 747 similium
714 676 825 723 rerum
858 653 922 725 effe
947 656 1008 727 de·-

56 762 151 836 bebit.
178 789 256 835 nam
279 786 343 858 pro
364 761 481 833 tabulis
505 786 538 835 et
561 778 677 835 contra
698 762 846 853 tabulas;
872 785 1008 861 prote-

55 870 151 945 stibus
172 895 207 945 et
228 860 345 946 contra
361 871 472 959 restem
491 897 555 971 pro
576 872 819 969 quaestionibus
838 894 871 947 et
895 892 1011 948 contra

56 981 260 1078 quaestiones
270 1009 284 1070 Ις
311 999 344 1052 et
364 981 443 1054 item
471 983 512 1053 de
531 981 645 1053 ceteris
665 982 760 1054 rebus
784 981 928 1055 eiusdem
953 1008 1011 1079 ge·

56 1092 158 1179 neris,
179 1092 235 1166 vel
254 1091 424 1187 separatim
449 1091 556 1191 dicere
576 1089 713 1164 solemus
740 1090 780 1162 de
801 1115 919 1188 genere
935 1091 1012 1162 uni·

56 1202 172 1291 versu,
195 1203 253 1275 vel
285 1201 416 1283 definite
439 1204 481 1276 de
501 1203 631 1302 singulis
654 1205 881 1301 temporibus,
905 1205 1012 1277 horni-

57 1309 171 1399 nibus,
192 1310 315 1382 causis:
333 1335 418 1409 quos
441 1312 685 1409 quidemlocos
696 1311 820 1409 (vobis
831 1314 913 1402 hoc,
927 1314 1013 1388 Cot-

57 1435 111 1507 ta,
128 1436 162 1490 et
180 1418 328 1512 Sulpici,
354 1418 454 1517 dico)
478 1421 582 1492 multa
601 1420 881 1519 commentatione
894 1474 905 1509 ,
916 1443 1030 1518 atque.

56 1526 269 1597 meditatione
299 1548 455 1622 paratos,
483 1547 580 1627 atque
609 1529 782 1626 expeditos
808 1529 927 1604 habere
954 1531 1014 1603 de·

43 1636 148 1708 betis.
180 1639 334 1734 Longum
365 1636 410 1708 est
437 1637 524 1709 enim
546 1658 634 1709 nunc
660 1665 715 1711 me
740 1640 924 1737 explicare,
951 1668 1017 1738 qua
1038 1673 1082 1723 119

57 1747 185 1818 ratione
212 1763 267 1817 aut
283 1744 509 1837 confirmare,
531 1765 586 1841 qut
605 1745 772 1820 infirmare
797 1749 910 1840 testes,
928 1751 1018 1822 rabu-

57 1857 120 1948 las,
141 1856 348 1954 quaestiones
369 1873 534 1954 oporteat.
574 1859 666 1928 Haec
688 1857 760 1931 sturt
787 1859 905 1939 omnia
927 1859 1018 1957 inge-

59 1965 102 2036 nii
120 1965 179 2038 vel
202 1963 377 2037 mediocris
389 2016 402 2055 ,
425 1961 665 2039 exercitationis
696 1983 804 2041 autem
833 1965 1017 2037 maximae:

58 2094 161 2147 artem
197 2072 357 2172 quidem,
395 2092 431 2145 'et
451 2105 452 2109 ¹
471 2092 643 2170 praecepta
673 2074 830 2147 duntaxat
864 2076 1019 2148 hedenus

59 2188 264 2286 requirunt,
299 2208 336 2258 ut
380 2185 476 2278 certis
511 2186 642 2258 dicendi
682 2187 861 2260 luminibus
894 2214 1018 2262 ornen-

57 2315 119 2370 tur.
175 2300 324 2395 Itemque
361 2297 446 2386 illa,
479 2297 665 2393 quaesunt
700 2297 830 2369 alterius
860 2300 1020 2394 generis,
1041 2317 1087 2356 120

60 2431 142 2503 quae
179 2425 251 2478 tota
288 2408 328 2479 ab
368 2426 502 2479 oratore
556 2405 760 2501 parirmtur,
800 2407 1019 2503 excogitatio·

62 2545 134 2590 nem
173 2543 246 2589 non
280 2519 403 2591 habent
430 2516 620 2605 difficilem,
665 2514 921 2610 explicationem
948 2544 1020 2591 ma-

61 2627 107 2722 gis
140 2621 312 2700 illustrem
334 2626 599 2724 perpolitamque
639 2623 831 2700 desiderant.
908 2631 1022 2727 Itaque
1124 2640 1129 2649 '

63 2760 135 2806 cum
163 2736 247 2807 haec
277 2737 344 2808 duo
377 2735 475 2809 nobis
501 2735 695 2833 quaerenda
733 2736 856 2808 sintin
891 2739 1021 2841 causis„

62 2846 242 2939 primum,
278 2846 388 2943 quid3
431 2845 574 2932 deinde,
628 2842 803 2942 quomodo
840 2847 1022 2922 dicamus:

62 2956 227 3046 alterum,
255 2957 348 3053 quod
372 2976 482 3029 tonun
513 2974 580 3028 arte
608 2945 743 3046 ¹tinlbun
781 2957 935 3049 videtur,
968 2969 1025 3031 ta-‘
1083 3016 1091 3028 .

63 3066 154 3162 inetfi
175 3084 280 3139 artem
302 3068 460 3165 requirit,
486 3084 595 3140 tamen
622 3068 813 3164 prudentiae
845 3069 891 3140 est
918 3094 1022 3165 paene
1066 3128 1072 3159 ,

64 3178 267 3268 mediocris,
283 3181 377 3276 quid
408 3180 583 3252 dicendum
612 3180 673 3269 fit,
699 3178 845 3255 videre:
885 3184 1025 3257 altertun

64 3287 129 3377 est,
155 3289 279 3385 inquo
295 3288 446 3371 oratoris,
458 3290 509 3364 vis
531 3290 584 3361 illa
605 3289 741 3380 divina,
760 3290 928 3389 virtusque
949 3317 1023 3366 cer·

67 3397 176 3486 nitur,
200 3422 259 3487 ea,
288 3424 371 3496 quae
400 3398 539 3470 dicenda
573 3399 664 3488 sunt,
693 3422 828 3491 ornate,
861 3402 1022 3500 copiose,

68 3510 222 3606 varieque
248 3511 366 3584 dicere.
405 3515 517 3604 Quare
540 3511 627 3584 illam
649 3532 777 3609 partem
789 3514 1022 3611 superiorem,
1045 3500 1091 3586 28

70 3622 227 3716 quoniam
249 3623 416 3699 semelita
440 3627 538 3701 vobis
566 3628 711 3725 placuit,
739 3653 809 3700 non
832 3627 1023 3717 recusabo,
1045 3646 1088 3687 121
1137 3684 1140 3689 .

72 3749 139 3823 quo
157 3729 265 3807 minus
290 3733 474 3833 perpoliam
492 3755 589 3834 atque
615 3734 820 3811 conficiam:
842 3730 1023 3832 (quantum

1060 4016 1096 4032 h-
