2302 4304
133 317 206 416 3n
452 300 774 394 saurus

133 479 281 577 goediis,
327 477 444 554 lenitas
474 480 543 555 eius
576 481 644 554 stne
678 481 792 555 nervis
816 480 962 580 perspici
976 481 1099 581 potest.

54 601 118 678 '178
134 589 214 662 Eius
234 588 387 686 aequalis·
408 594 442 663 P.
462 592 650 698 Cethegus,
689 577 743 664 lui
772 593 813 664 de
838 595 1012 689 republica
1032 596 1101 668 satis

134 697 362 796 suppeditabat
384 701 632 811 oratiototam
654 701 744 772 enirn
766 701 901 773 tenebat
920 727 1015 793 eam,
1042 708 1097 799 pe·

132 808 285 906 nitusque
321 827 493 906 cognorat.
508 816 512 825 '
528 809 638 907 itaque
672 811 707 880 in
735 810 847 883 senatu
878 799 1117 884 consularium'

132 918 361 990 aucloritatem
381 918 626 1015 allequebatur:
648 921 704 993 sed
721 923 755 994 in
772 922 873 996 causls
890 923 1032 1019 publicis
1046 923 1094 994 ni·

131 1026 200 1116 hil,
227 1028 262 1098 in
282 1027 428 1123 privatis·
441 1028 515 1101 satis
535 1026 714 1112 veterator'
724 1028 910 1120 videbatur.
959 1033 1038 1102 Erat
1062 1028 1092 1099 in

131 1136 272 1231 privaris
297 1136 398 1208 causis
419 1140 464 1230 Q.
488 1140 657 1213 Lucretius
676 1137 838 1236 Vispillo,
864 1156 899 1210 et
921 1158 1093 1230 acutus,et

129 1243 348 1342 iurisperitus.
397 1274 483 1349 ¹nam⁴
512 1250 673 1346 alphilia,
711 1241 827 1347 aptior'
853 1254 1092 1342 concionibus,

129 1381 231 1451 quam
251 1358 388 1432 iudiciis.
415 1360 560 1457 prudens
578 1363 675 1433 etiarn
692 1362 735 1434 T.
754 1361 882 1434 Annius
900 1361 1041 1450 Velina,
1060 1379 1088 1432 et

128 1461 165 1532 in
191 1464 261 1536 eius
276 1466 404 1561 generis
418 1465 519 1537 causls
534 1481 649 1539 orat'or
660 1467 744 1541 sane
756 1461 946 1540 tolerabilis.
996 1470 1032 1538 ln
1045 1493 1098 1541 eo=

127 1572 205 1644 dem
228 1598 347 1671 genere
378 1571 549 1645 causarum
583 1573 725 1667 multum
753 1590 822 1644 erat
841 1571 883 1642 T.
912 1573 1088 1662 Iuventius,

128 1683 226 1758 nimis
247 1685 300 1756 ille
327 1685 472 1783 quidem.
485 1684 590 1759 lentus
607 1685 642 1756 in
666 1685 830 1774 dicendo,
858 1701 892 1756 et
913 1709 1018 1780 paene
1034 1682 1088 1755 sri-

127 1794 240 1891 gidus;
275 1796 331 1868 sed
362 1817 395 1868 et
426 1795 579 1885 callidus,
606 1813 640 1868 et
664 1789 700 1867 in
718 1793 881 1891 capiendo
905 1793 1087 1866 adversario

127 1905 294 1995 versutus,
321 1924 354 1978 et
373 1927 541 2001 praeterea
554 1905 805 2000 necindodlus,
831 1919 863 1973 et
886 1927 1007 1999 magna
1020 1926 1087 1974 cun

65 2038 112 2092 ¹79
127 2014 207 2089 iuris
221 2017 330 2091 civilis
347 2017 570 2116 intelligentia.
619 2017 722 2088 Cuius
745 2015 878 2086 auditor
897 2016 934 2086 P.
948 2012 1088 2098 Orbius,

127 2152 220 2200 meus
244 2127 313 2200 fere
336 2129 495 2227 aequalis,
526 2128 562 2198 in
587 2128 731 2199 dicendo
753 2151 823 2198 non
847 2124 947 2196 nimis
964 2123 1085 2196 exerci-

127 2252 234 2327 tatus,
274 2239 309 2309 in
340 2238 410 2310 iure
433 2256 543 2309 autem
572 2237 663 2310 civili
691 2262 762 2308 non
790 2234 951 2325 inferior,
993 2260 1086 2333 quam

126 2349 279 2448 magister
293 2350 365 2424 fuit.
414 2353 502 2422 Nam
523 2351 564 2422 T.
583 2347 749 2445 Aufidius,
776 2348 833 2445 qui
852 2349 938 2422 vixit
952 2350 994 2420 ad
1008 2347 1085 2420 sunr-

126 2486 216 2533 mam
233 2463 455 2551 seneclutem,
484 2461 620 2536 volebat
637 2459 702 2558 elle
721 2459 830 2530 snnilis
842 2459 983 2547 horum,
1009 2481 1084 2530 erat·

125 2598 192 2667 que
215 2591 248 2645 et
266 2577 374 2647 bonus
395 2575 470 2666 vir,
493 2596 526 2647 et
539 2575 720 2663 innocens,
748 2573 804 2644 sed
816 2573 949 2645 dicebat
961 2598 1086 2669 pamma
1125 2588 1128 2605 ¹

124 2681 199 2752 Nec
219 2682 292 2754 sane
311 2686 383 2780 plus
400 2685 500 2757 frater
516 2682 586 2756 eiu's
599 2688 647 2755 M.
668 2683 844 2780 Virgilius,
866 2685 926 2781 qui
939 2683 1082 2754 tribunus

125 2791 229 2889 plebis
262 2795 297 2863 L.
321 2794 426 2866 Sullae
448 2794 641 2889 imperatori
664 2795 752 2865 diem
780 2793 872 2866 dixit.
922 2793 1000 2865 Eius
1018 2790 1082 2865 col·
1126 2824 1128 2829 ·

123 2903 195 2999 lega
213 2905 247 2973 P.
266 2903 413 3000 Magius,
441 2904 477 2973 in
490 2904 634 2976 dicendo
654 2905 753 3000 paulo
774 2922 888 2974 tamen
906 2899 1080 2998 copiofior.

49 3024 108 3087 ·¹.80
124 3012 187 3083 Sed
211 3012 369 3084 omnium
398 3035 596 3102 oratorum,
634 3013 702 3087 five
723 3013 932 3100 tabularum,
970 3010 1081 3108 quiet
1125 3022 1128 3129 p

122 3124 220 3218 plane
235 3122 380 3214 indolli,
408 3141 464 3194 aut
485 3123 657 3214 inurbani,
681 3146 736 3199 aut
754 3120 865 3194 rustici
891 3120 992 3192 etiarn
1014 3120 1079 3192 fue·
1126 3134 1128 3141 '

85 3252 87 3257 ·
123 3251 221 3322 nint,
250 3261 334 3332 quos
348 3236 484 3335 quidem
503 3235 828 3333 ego'cognoverim‚
856 3231 1078 3305 solutillimunt
1108 3284 1113 3293 -

122 3341 159 3413 in
188 3342 331 3415 dicendo
359 3365 393 3419 et
414 3342 632 3421 acutiffinsum
660 3345 795 3432 iudico,
831 3340 937 3423 nostri
962 3340 1081 3414 ordinis

98 3472 101 3482 ’
123 3455 168 3545 Q.
189 3453 393 3546 Sertorium,
416 3455 573 3555 equestris
590 3456 630 3526 C.
649 3451 874 3552 Gorgonium.
923 3452 998 3523 Fuit
1025 3449 1080 3521 eti·

39 3561 42 3567 ’
122 3586 176 3632 ans
212 3559 335 3653 facilis,
377 3582 413 3637 et
438 3564 608 3660 expeditus
630 3565 675 3653 ad
696 3560 898 3649 dicendum,
940 3578 975 3632 et
998 3556 1079 3632 vitae

54 3664 57 3670 ⁵
120 3668 295 3763 splendore
325 3674 454 3763 mult0‚
495 3673 687 3772 et*ingenio
715 3677 791 3743 lane
824 3669 1015 3767 probabili,
1042 3667 1080 3738 T.

77 3774 252 3874 frutus,
292 3782 467 3891 b'filius,
503 3782 715 3875 tribturicius,
753 3805 824 3880 quo
848 3780 1021 3856 accusante
1042 3780 1077 3885 Ρ.
