2302 4304
112 276 182 354 218
348 277 440 353 DE
485 277 854 353 ORATORE

62 464 95 504 ²2
111 439 354 538 comtusque
379 439 552 538 reperinu.
590 438 655 513 Sed
672 436 1078 537 shoequoquevid'etur
1120 402 1123 455 ἶ

111 546 176 622 effe
195 547 318 639 altius,
337 573 437 646 pam
468 563 506 623 ut
529 546 566 620 id
585 571 649 620 nos
676 546 772 620 huni?
790 544 880 619 strati
908 545 1071 645 suspioere

111 655 289 756 possimus,
315 657 504 732 illudente
516 674 648 747 tamen,
669 657 764 755 quod
777 655 921 753 amplexi
938 657 1077 747 sumus,

13 748 25 817 s
112 766 207 864 quod
226 763 440 865 profitemur,
461 764 555 864 quod
570 759 789 861 suscepimus,
802 761 895 836 nosse
908 781 942 837 et
959 781 1078 836 tenere

112 877 281 953 debemus.
318 881 396 953 Una
408 877 457 956 est
473 879 586 964 enim,
605 878 699 976 quod
717 894 752 950 et
764 900 830 974 ego
846 874 997 948 hesterna
1018 875 1075 947 die

114 987 211 1078 dixi,
230 1008 264 1062 et
289 986 418 1087 aliquot
441 988 525 1062 locis
548 986 808 1065 antemeridiano
834 985 987 1059 sermone
1009 983 1074 1083 sg-

114 1092 264 1172 nificavit
276 1099 441 1172 Antonius
455 1153 467 1187 ,
480 1099 697 1198 eloquentia,
717 1096 927 1197 quascunque
947 1099 985 1171 in
998 1123 1078 1172 oras

66 1226 97 1281 ²3
115 1207 342 1304 disputationis
366 1209 560 1308 regionesve
585 1210 691 1282 delata
712 1208 771 1282 est
823 1212 911 1282 Nam
937 1210 1010 1284 sive
1032 1210 1079 1283 de

116 1319 203 1392 coeli
224 1337 338 1392 muna
358 1321 616 1420 loquitur,s1ve
643 1324 685 1394 de
706 1339 839 1408 terrae,
861 1321 930 1394 srve
957 1323 1000 1396 de
1022 1322 1076 1394 di·

116 1427 196 1501 vina
213 1428 271 1516 vi,
290 1429 358 1502 sive
372 1429 413 1501 de
426 1429 578 1517 humana,
592 1430 661 1505 sive
674 1458 718 1507 ex
729 1432 883 1506 inferiore
898 1431 980 1505 loco
989 1430 1080 1520 ,five

116 1561 160 1611 ex
178 1563 313 1636 aequo,
332 1540 402 1616 sive
428 1568 471 1614 ex
487 1541 678 1638 superiore,
698 1543 767 1617 five
787 1561 822 1615 ut
843 1541 993 1640 impellat
1012 1542 1077 1615 ho-

118 1649 242 1738 mines,
254 1648 322 1724 sive
334 1669 370 1725 ut
379 1653 511 1742 doceat,
525 1652 591 1727 five
599 1656 825 1744 utdeterreat,
836 1653 905 1726 sive
916 1672 954 1724 ut
961 1652 1084 1725 conci·-

118 1777 182 1853 tet,
195 1762 262 1838 sive
274 1781 311 1838 ut
328 1763 475 1837 reflectat
484 1819 497 1852 ,
509 1763 577 1838 srve
591 1782 627 1837 ut
637 1765 807 1852 incendat,
817 1764 885 1839 five
897 1781 936 1837 ut
952 1763 1080 1853 leniat,

107 1871 188 1944 «sive
207 1872 249 1945 ad
259 1897 396 1972 paucos,
403 1872 471 1944 five
484 1872 527 1944 ad
534 1872 670 1960 multos,
681 1871 749 1945 five
760 1874 845 1944 inter
861 1872 1002 1960 alienos,
1014 1872 1084 1946 sive

119 2008 197 2056 cum
224 1983 315 2072 suis,
342 1985 409 2059 srve
441 1987 577 2073 secum,
605 1984 689 2057 tivis
715 1982 762 2055 est
792 1983 925 2056 diduua
944 1984 1085 2073 oratio,

119 2107 192 2170 non
214 2094 384 2185 fontibus,
411 2115 469 2187 et,
499 2119 701 2196 quocunque
726 2094 937 2193 ingreditur,
960 2096 1082 2168 eodem

74 2227 107 2276 ²4
122 2207 170 2287 est
203 2207 362 2287 instrusht
399 2230 583 2307 ornatuque
619 2207 785 2280 comitata.
834 2206 898 2278 Sed
922 2208 1083 2306 quonium

78 2412 82 2421 ι
123 2310 265 2416 oppressu
289 2319 355 2393 iam
378 2320 487 2394 sumus
508 2318 723 2417 opinionibus
744 2339 814 2389 non
836 2316 944 2388 modo
967 2315 1104 2414 vulgi,-

123 2455 243 2505 verum
268 2435 367 2508 etiarn
390 2435 567 2509 hominum
593 2432 712 2506 leviter
739 2431 974 2518 eruditorum,
1000 2430 1083 2530 qui,

123 2563 207 2635 quae
222 2548 399 2641 complesti
410 2567 482 2620 tota
494 2556 677 2643 nequeunt,
691 2543 771 2614 haec
785 2540 914 2612 facilius
936 2540 1084 2630 divtdsa,

125 2649 257 2743 etquasr
267 2649 425 2748 discerpta
434 2654 703 2744 contredan13et
715 2648 787 2746 qui,
799 2663 958 2744 tanquam
970 2646 1084 2722 abani-

126 2779 185 2827 mo
199 2781 320 2853 corpus
328 2814 341 2847 ,
358 2760 401 2834 sic
414 2787 433 2833 a
447 2762 610 2835 sententiis
625 2759 727 2833 verba
743 2756 928 2854 seiungunt,
942 2782 1087 2854 quorum

88 2893 90 2897 ¹
126 2862 192 2934 fine
219 2865 352 2938 interitu
377 2867 451 2941 sieri
482 2887 634 2941 neutrum
661 2864 794 2965 potest3
821 2889 890 2936 non
916 2865 1086 2965 suscipiam

127 2973 281 3047 oratione
303 3002 376 3052 mea
393 2979 494 3076 psus,
512 3003 611 3078 quarn
636 2979 719 3050 mihi
742 2977 936 3074 imponitur.
960 2996 1084 3052 tannim

128 3086 321 3186 significabo
352 3092 479 3184 brevi,
510 3115 618 3190 neque
642 3092 826 3165 verborum
857 3113 1014 3164 ornatum
1039 3093 1086 3163 in-

114 3199 241 3271 ·veniri·
250 3201 341 3297 posse
355 3229 425 3275 non
436 3202 562 3302 partitis
571 3202 787 3300 expressisque
796 3200 976 3290 sententiis,
984 3226 1089 3299 neque

55 3387 57 3394 s
130 3309 195 3412 esse
213 3314 312 3387 ullam
334 3315 527 3390 sententiam
550 3313 711 3389 illustrem
724 3312 790 3386 srne
804 3314 877 3387 luce
896 3315 1088 3386 verborum.

84 3445 113 3495 25
130 3419 194 3493 Sed
216 3421 403 3520 priusqturn
429 3427 492 3499 ‘illa
524 3450 630 3499 conor
663 3425 849 3524 attingere,
870 3425 992 3522 quibus
1018 3451 1089 3499 ota-

131 3532 263 3632 tionem·
275 3539 411 3625 ornari,
430 3557 527 3636 atque
549 3539 724 3611 illuminari
747 3557 859 3635 putem
876 3592 887 3624 ,
902 3560 1087 3634 proponant

52 3626 66 3718 f
132 3645 306 3739 breviter,
327 3653 408 3747 quid
429 3651 562 3722 sentiam
581 3651 622 3721 de
641 3650 797 3724 uni-verso
813 3674 933 3748 genere
951 3647 1090 3723 dicendi·

95 3772 119 3841 7
167 3760 307 3867 >Neutra
319 3761 405 3835 nuda
424 3759 490 3847 est,
514 3777 551 3832 nt
569 3758 650 3841 mihi
671 3760 829 3851 videtur,
844 3785 929 3858 quae
952 3785 1022 3834 non
1036 3760 1087 3830 hv·
