2304 4304
332 291 706 367 vireant.
1007 323 1035 397 7

66 452 194 529 Graeci
217 471 369 557 vocant,
392 454 435 527 ab
456 454 647 553 hominibus
671 453 864 531 dooiffinis
882 454 1036 550 iudicati,

69 562 191 660 inqua
217 562 350 635 difficile
372 560 419 634 est
438 584 657 654 enumerare,
683 584 770 661 quot
794 566 888 658 viri,
910 592 1036 666 quanta

71 671 232 760 scientia,
250 694 437 770 quantaque
462 674 498 746 in
522 673 585 747 suis
611 674 722 750 studiis
741 677 898 752 varietate
920 700 954 753 et
971 705 1038 753 co·

69 782 126 878 pia
154 783 303 873 fuerint,
334 783 392 880 qui
419 810 488 857 non
517 812 581 860 una
607 788 717 884 aliqua
744 787 779 861 in
800 813 835 860 re
861 787 1035 884 separatim

69 894 295 982 elaborarint,
321 891 377 963 sed
397 894 538 984 omnia,
562 919 780 994 quaecunque
806 897 961 993 possent„
979 894 1036 972 vel

69 1005 223 1077 scientiae
259 1002 564 1101 pervestigatione,
599 1008 655 1081 vel
690 1007 866 1082 disserendi
906 1011 1036 1083 ratione

67 1115 396 1211 comprehenderint.
423 1115 509 1206 Quis
527 1115 683 1214 ignorat,
707 1116 749 1206 ii,
775 1116 833 1215 qui
852 1118 1035 1191 mathema,-
1054 1145 1091 1180 ι·

67 1225 126 1298 tici
164 1243 355 1314 vocantur,
391 1248 514 1323 quanta
540 1227 576 1297 in
606 1226 805 1311 obscuritate
837 1253 974 1318 retum,
1001 1255 1035 1305 et

67 1360 167 1433 quam
200 1336 372 1409 recondita
404 1337 440 1407 in
466 1353 559 1425 arte,
577 1356 610 1408 et
631 1323 833 1434 multiplici,
859 1334 1036 1435 subtilique

70 1449 274 1522 versentur?
295 1474 364 1544 quo
390 1466 503 1520 tamen
515 1447 551 1520 in
568 1449 692 1547 ‘genere
712 1450 757 1522 ita
781 1449 876 1523 multi
894 1447 1034 1548 perferri

68 1555 224 1629 homines
261 1556 480 1647 exstiterunt,
515 1581 552 1630 ut
578 1583 679 1631 nemo
714 1557 786 1633 fere
821 1555 972 1632 studuiffe
1000 1561 1037 1637 ei.

67 1665 222 1738 scientiae
248 1666 478 1738 vehementius
504 1664 683 1754 videatur,
708 1667 817 1765 quin,
844 1667 936 1766 quod
959 1693 1031 1742 vo·

67 1775 184 1866 luerit,
198 1779 390 1850 consecutus
416 1777 465 1850 fit.
490 1768 577 1870 Quis
589 1774 744 1869 musicis,
771 1774 845 1877 quis
868 1775 945 1852 huic
964 1777 1032 1851 llu-

66 1885 125 1956 dio
150 1888 341 1978 literarum,
373 1889 466 1987 quod
492 1885 692 1985 profitentur
710 1887 760 1978 ii,
784 1887 844 1988 qui
865 1914 1032 1989 gramma-

65 1997 126 2070 tici
145 2022 313 2072 vocantur
328 2054 339 2090 ,
357 1998 486 2097 penitus
503 1997 536 2071 se
548 1997 691 2086 dedidit,
718 1997 799 2098 quin
824 2021 962 2074 ornnem
989 1999 1032 2077 il-

66 2110 173 2184 larum
217 2113 338 2186 artium
373 2140 458 2211 pene
494 2111 656 2184 infinitam
688 2111 760 2187 vim
797 2129 831 2184 et
856 2113 1028 2188 materiam

41 2270 46 2277 ·
67 2220 223 2296 scientiae
242 2225 448 2325 cogitatione
479 2221 798 2323 comprehenderit?
829 2225 919 2299 Vere
945 2224 1028 2296 mihi
1048 2249 1080 2290 rt

65 2332 137 2411 hoe
163 2336 284 2408 videor
301 2335 368 2408 elle
393 2335 557 2424 dislttnrs,
587 2359 630 2407 ex
658 2333 816 2405 omnibus
835 2331 900 2420 iis,
917 2329 976 2428 qui
993 2331 1029 2406 in

63 2440 183 2514 harum
207 2443 327 2517 artium
350 2441 461 2516 studiis
482 2440 709 2536 lilperaliffimis
731 2439 793 2510 smt
806 2438 1035 2539 dodrinisque-

63 2549 214 2640 versati,
243 2551 414 2623 minimam
446 2549 582 2644 copiam
608 2568 784 2644 poetarum
813 2546 1027 2647 egregiorum

63 2664 231 2738 exstitisse.
253 2669 362 2765 Atque
380 2667 415 2738 in
436 2660 595 2759 hoeipso
617 2685 780 2751 numero,
802 2661 836 2732 in
861 2686 931 2760 quo
945 2687 1024 2758 per-

62 2801 142 2850 raro
175 2777 327 2850 exoritur
354 2774 470 2872 aliquis
504 2774 691 2862 excellens,
717 2771 963 2871 srdiligenter,
990 2791 1025 2849 et

61 2912 106 2960 ex
128 2887 343 2977 nostrorum,
364 2905 399 2958 et
420 2912 463 2958 ex
482 2887 690 2957 Graecorrun
708 2882 806 2978 copia
828 2906 1024 2980 comparare

62 2996 185 3086 voles,
219 2996 334 3067 multo.
352 2997 465 3066 tamen
497 2992 671 3090 pauciores
711 3012 881 3076 oratores,
920 3015 1023 3086 quam

61 3126 181 3204 poetae
202 3105 285 3179 boni
302 3105 519 3200 reperientur.
544 3103 650 3194 Quod
675 3101 743 3176 hoc
764 3101 863 3171 etiam
885 3099 1071 3174 miram-12

60 3217 124 3291 lius
148 3219 247 3290 debet
283 3215 421 3306 videri,
443 3216 520 3314 quia
555 3235 737 3288 ceterarum
764 3210 884 3281 artium
916 3208 1020 3282 sludia

60 3325 133 3398 sere
158 3325 340 3399 reconditis
368 3343 465 3422 atque
496 3323 613 3399 abditis
639 3346 658 3392 e
684 3319 833 3392 fontibus
859 3319 1019 3393 hauriun-

59 3453 116 3509 tur
139 3462 148 3507 ε
174 3436 307 3509 dicendi
329 3459 437 3508 autem
460 3433 569 3506 omnis
595 3432 681 3504 ratio
700 3431 735 3504 in
754 3430 868 3505 medio
891 3431 1024 3528 posita,

60 3546 236 3631 communi
254 3546 400 3640 quodam
424 3544 458 3614 in
480 3541 563 3634 usu,
585 3562 684 3640 atque
697 3541 733 3613 in
746 3541 921 3619 hominum
940 3561 1026 3612 mom

60 3672 152 3726 teet
178 3652 329 3726 sermone
348 3651 494 3726 versatur
520 3677 529 3722 :
555 3671 592 3722 ut
615 3650 651 3721 in
675 3648 793 3724 ceteris
814 3648 848 3726 id
872 3647 1018 3721 maxime

59 3760 222 3852 excellet,
249 3754 341 3862 quod
366 3758 551 3865 longissime
574 3757 614 3838 sit
636 3757 677 3837 ab
703 3757 936 3854 inperitorum
958 3755 1018 3833 in*

765 3855 853 3968 At
