2302 4304
133 330 175 398 ¹4
340 294 444 381 'DE
498 238 924 386 ounToutl

128 466 207 541 dare
233 468 384 560 salutem,
405 468 543 543 liberare
569 473 747 570 periculis,
773 476 915 549 retinere
941 475 1122 552 homines?

108 576 364 659 incivitate?
385 583 478 676 Quid
500 609 609 658 autem
633 604 704 658 tam
732 589 968 679 necessarium,
993 616 1094 688 quarn

127 705 241 761 tenere
268 689 396 786 semper
423 716 540 780 arma,
566 694 685 791 quibus
712 697 767 766 vel
799 701 903 771 tellus
926 697 995 794 ipse
1026 699 1093 770 effe

127 797 253 894 poffis,
278 799 335 872 vel
386 822 578 895 provocare
608 800 807 896 improbos,
834 806 890 880 vel
924 826 956 879 te
984 806 1096 898 ulcisci

128 907 311 986 lacellitus?
339 910 410 1005 Age
431 934 538 997 vero,
558 933 600 981 ne
623 907 752 1007 semper
775 911 907 1005 sorum,
930 916 1096 1008 subsellia,

129 1013 254 1103 rostra,
281 1013 472 1111 curiamque
500 1014 688 1106 meditere,
723 1020 803 1115 quid
829 1022 894 1092 esse
924 1022 1033 1118 potest
1060 1007 1096 1096 in

65 1150 71 1169 -·
117 1126 205 1231 Ιοῐίο
230 1143 286 1197 aut
311 1124 510 1216 iucundius,
528 1147 583 1198 aut
610 1128 715 1225 magis
740 1132 915 1227 proprium
940 1134 1096 1207 humani·

129 1240 228 1327 tatis,
256 1263 355 1336 quam
382 1239 643 1312 sermo‘facetus
668 1265 708 1312 ac
733 1241 820 1312 nulla
850 1243 887 1314 in
913 1268 950 1315 re
974 1245 1096 1318 rudis?

131 1347 209 1419 Hoc
222 1345 312 1417 enim
331 1370 410 1418 uno.
424 1343 623 1442 praestamus
645 1346 702 1419 vel
719 1348 865 1422 maxime
886 1349 985 1437 seris,
1004 1356 1098 1448 quod

132 1456 355 1554 colloquimur·
379 1458 467 1528 inter
489 1482 571 1546 nos,
602 1470 636 1530 et
662 1454 754 1555 quod
774 1452 961 1556 exprimere
983 1463 1098 1536 dicen-

86 1593 117 1653 33
132 1567 178 1638 do
206 1565 294 1638 sensa
317 1567 495 1664 possumne
530 1569 763 1661 Quamobrem
774 1571 849 1667 quis
860 1571 927 1643 hoc
941 1597 1010 1644 non
1025 1574 1098 1648 iure

132 1682 292 1772 miretur,
318 1681 509 1781 summeque
517 1682 558 1755 in
572 1709 615 1756 eo
628 1683 864 1756 elaborandum
877 1682 941 1754 else
956 1684 1097 1757 arbitre-

132 1807 198 1878 tur,
211 1813 261 1883 ut,
276 1817 346 1891 quo
359 1817 429 1866 uno
440 1793 593 1866 homines
602 1791 745 1865 maxime
755 1791 864 1865 bestiis
876 1792 1051 1888 praestent,
1061 1796 1097 1869 in

133 1905 200 1978 hoc
213 1903 403 1978 hominibus
416 1904 491 2001 ipsts
516 1904 714 1978 antecellat?
739 1906 787 1976 Ut
800 1928 885 1976 vero
899 1904 965 1975 iam
987 1903 1029 1974 ad
1043 1905 1097 1978 illa

134 2013 260 2088 summa
272 2015 443 2088 veniamus
457 2040 469 2100 ;
494 2017 577 2112 quae
590 2014 643 2088 vis
656 2013 717 2085 alia
731 2012 842 2108 potuit
855 2031 910 2084 aut
922 2010 1085 2107 dispersos

76 2167 77 2170 ¹
103 2149 107 2157 “
135 2129 402 2202 hominesunum
424 2129 461 2200 in
486 2127 598 2202 locum
626 2148 853 2223 congregare,
874 2146 929 2196 aut
955 2149 975 2196 a
1004 2122 1097 2213 fera,

81 2273 83 2277 ·
136 2241 317 2342 agrestique
327 2241 399 2315 vita
412 2241 453 2313 ad
467 2241 554 2312 hunc
568 2239 747 2310 humanum
762 2237 885 2310 cultum
896 2235 1097 2333 civilemque

136 2355 314 2447 deducere,
327 2374 403 2446 aut,
416 2355 482 2426 iam
499 2345 681 2426 constitutis
695 2347 882 2423 civitatibus
896 2401 908 2437 ,
923 2347 1031 2444 leges,¹
1044 2346 1096 2417 iu-

91 2499 123 2552 34
137 2469 238 2559 dicia,
260 2468 330 2540 iura
353 2463 564 2541 describere?
590 2465 667 2551 Ac,
694 2484 735 2532 ne
758 2457 877 2559 plura,
913 2477 996 2552 quae
1019 2453 1095 2529 sunt

52 2579 57 2586 ’
135 2606 219 2678 pene
232 2576 502 2666 innumerabilia,
516 2573 683 2649 consedet
697 2624 709 2660 ,
723 2566 1001 2666 comprehendam
1015 2565 1096 2637 bre-

129 2692 172 2763 ·vi
186 2717 198 2776 ;
212 2689 255 2764 fic
267 2689 356 2762 enim
366 2688 487 2778 statuo,
501 2684 639 2783 perfedli
649 2681 793 2755 oratoris
814 2669 1045 2753 moderatione
1064 2701 1098 2753 et

137 2798 290 2896 sapientia
299 2823 369 2877 non
378 2798 482 2871 solum
492 2787 590 2893 ipsius
604 2792 810 2890 dignitatem,
824 2787 878 2860 sed
899 2807 931 2861 et
944 2788 1098 2885 privato-

40 2986 42 2990 .
137 2940 209 2986 tum
243 2895 490 3009 plurimorum,
522 2930 555 2980 et
593 2900 764 2978 universae
794 2901 991 2998 reipublicae
1012 2900 1099 2972 salu·

137 3047 203 3099 tem
228 3012 372 3112 mar-ime
400 3013 574 3093 contineri.
613 3010 844 3106 Quamobrem
869 3008 1023 3106 pergite,
1059 3027 1097 3083 ut

138 3137 264 3227 facitis,
290 3127 535 3207 adolescentes:
553 3143 651 3223 atque
678 3122 713 3194 in
735 3122 770 3193 id
794 3119 1010 3207 studium‚'in
1026 3146 1101 3216 quo·

140 3247 235 3339 estiS,
260 3243 461 3332 incumbite,
475 3256 524 3312 'ut
550 3260 583 3310 et
608 3233 709 3311 vobis
734 3229 879 3320 honori,
915 3248 949 3301 et
983 3229 1098 3302 amicis

111 3346 288 3449 utilitati,
319 3374 353 3428 et
379 3349 577 3450 reipublicae
604 3345 832 3418 emolumento
868 3339 933 3411 esse
961 3333 1097 3436 polluis.

20 3516 21 3523 κ
108 3458 232 3570 9Tum
253 3466 410 3550 Scaeuola
434 3458 602 3551 comiter,
627 3475 664 3530 ut
691 3454 840 3543 solebat,
866 3451 1010 3539 Cetera,
1042 3449 1097 3521 in·

97 3614 126 3664 35
144 3581 231 3678 quir:
254 3574 404 3669 assentior
427 3569 567 3660 Craffo,
584 3593 626 3640 ne
649 3584 704 3637 aut
723 3563 763 3635 de
782 3563 822 3633 C.
845 3560 967 3649 Laelii,
991 3559 1098 3631 soceri
1129 3656 1134 3660 ἡ

143 3691 235 3781 mei,
263 3708 311 3767 att
334 3688 375 3760 de
400 3687 522 3774 huius,
553 3677 667 3778 generi
681 3730 704 3766 „
718 3691 773 3747 aut
799 3689 894 3760 arte,
913 3687 969 3740 aut
992 3668 1099 3765 gloria

145 3799 308 3879 detraham
327 3825 341 3872 1:
367 3796 432 3880 led„
462 3793 516 3869 illa
554 3790 644 3879 duo,
690 3781 829 3874 Crasse,
875 3801 1020 3889 vereor,¹
1060 3799 1108 3863 ut.
