2304 4304
144 329 244 405 a„
488 301 814 422 ontron

174 469 250 543 test:
274 464 328 543 sed
339 466 375 540 id
386 490 449 539 nec
460 466 595 538 dubium
610 466 673 558 est,
694 482 747 555 et,
771 463 891 564 siquid
909 464 1012 542 habet
1031 492 1115 569 quae·

173 579 310 668 stionis,
326 579 393 649 hoc
409 596 520 651 tamen
532 575 638 674 ipsum
665 576 771 671 adid,
797 579 889 675 quod
916 579 1115 675 propositum

173 687 241 777 est,
262 712 333 761 non
354 685 400 759 est
419 685 638 760 necessarium.
662 685 830 759 Seiunous
851 687 954 785 igitur
971 711 1115 762 oratora

137 830 140 834 ’
172 798 445 896 philosophorum
458 796 669 895 eloquentia,
685 795 933 894 asophistarum
947 850 959 884 ‚
974 798 1019 871 ab
1028 797 1114 872 histo

171 908 345 998 ricorum,
361 924 590 1005 apoetarum‚
612 908 819 1005 explicandus
843 907 890 980 est
901 908 1024 999 nobis,
1042 934 1113 1008 qua-

170 1017 210 1090 lis
226 1017 354 1100 firtums
367 1015 415 1089 fit.

110 1154 151 1203 ιι
211 1127 290 1199 ¹Erit
310 1126 410 1224 igitur
433 1127 592 1223 eloquens
612 1122 718 1222 (hunc
735 1122 849 1213 enim,
868 1125 1005 1198 auaooe
1018 1120 1113 1199 Anto

122 1253 155 1318 ⁶9
169 1229 245 1321 nio,
260 1231 463 1332 quaerimus)
480 1233 550 1322 Ais,
575 1233 632 1331 qui
655 1232 690 1304 in
705 1231 802 1322 soro,
827 1229 996 1329 causisque
1015 1232 1113 1306 civili·

167 1341 282 1423 busita
295 1341 404 1430 dicet,
425 1363 462 1414 ut
476 1343 611 1438 probet,
624 1365 662 1415 ur
678 1338 1028 1446 deleae1,'u1fleoat.
1044 1367 1111 1440 pro

166 1451 265 1542 bare,
283 1452 475 1527 n'eeeffitatis
488 1453 551 1526 est:
575 1455 752 1543 deleme,
769 1445 952 1528 suavitatis:
978 1454 1120 1547 sletteres

166 1561 345 1636 viennae
370 1589 446 1646 nam
464 1563 498 1636 id
518 1589 618 1636 unum
632 1590 675 1637 ex
688 1566 841 1638 omnibus
862 1565 904 1637 ad
923 1566 1112 1663 obtinendas

117 1743 122 1752 ,
166 1669 275 1762 causas
292 1669 399 1768 potest
417 1670 605 1768 plurimum.
642 1671 704 1743 sed
723 1695 806 1771 quot
825 1671 937 1744 officia
956 1674 1109 1769 oratoris,

65 1788 69 1793 '
167 1801 220 1854 tot
232 1780 305 1854 sunt
326 1807 444 1880 genera
459 1782 600 1855 dicendi.
624 1782 746 1856 Subtile
764 1783 799 1855 in
819 1783 1021 1881 probando,
1042 1811 1108 1859 mo·

167 1888 277 1962 dicum
290 1889 325 1962 in
338 1889 553 1980 deleoand0‚
574 1889 754 1964 vehemens
765 1890 800 1962 in
813 1888 994 1973 fleetendo:
1007 1893 1043 1965 in
1050 1920 1109 1994 quo

117 1989 156 2073 ’θ’
166 2021 235 2069 uno
252 1997 304 2073 vis
327 1997 437 2071 omnis
466 1996 610 2084 oratoris
633 1995 688 2070 est
725 1994 839 2096 Magni
860 1995 960 2096 igitur
984 1999 1109 2094 iudicii,

164 2107 308 2197 summae
320 2108 418 2182 etiam
436 2106 597 2183 factumn
610 2107 675 2180 esse
688 2100 820 2185 debebit
831 2112 1030 2186 moderator
1044 2116 1109 2203 ille,

42 2310 43 2313 Ἴ
71 2204 77 2216 ’
164 2236 198 2290 et
211 2217 299 2317 quast
311 2235 512 2314 temperator
531 2215 626 2288 huius
645 2216 822 2313 tripartitae
840 2212 1020 2292 varietatis.
1040 2248 1110 2300 nant

98 2367 102 2375 ·
164 2344 198 2399 et
218 2327 395 2416 iudicabit,
419 2325 498 2427 qnid
512 2325 629 2423 cuique
641 2350 725 2422 opus
736 2316 800 2410 sm
819 2326 991 2422 etp'oterit
997 2379 1011 2418 ‚
1037 2355 1108 2428 quo

162 2464 292 2537 cunque
305 2440 410 2511 modo
423 2435 599 2536 postulabit
611 2435 702 2510 causa
715 2489 726 2525 ,
751 2432 869 2508 dice're.
880 2437 958 2508 ·Sed
985 2439 1035 2512 est
1046 2443 1108 2515 elo-

101 2565 103 2568 ·
161 2550 328 2642 quentiae,
352 2547 432 2619 ficut
461 2544 660 2644 reliquarum
683 2572 815 2638 rerum,
839 2545 1107 2643 fundamentum,

159 2656 322 2751 sapientia.
345 2660 393 2730 Ut
407 2658 495 2730 enim
516 2658 551 2728 in
573 2659 666 2747 vita,
692 2655 735 2728 stc
760 2656 796 2727 in
820 2653 995 2744 oratione,
1027 2662 1107 2734 nihil

157 2763 204 2834 est
232 2764 410 2855 difficilius,
435 2791 559 2862 quam,
582 2766 662 2864 quid
685 2765 819 2869 deceat,
840 2764 962 2839 videre.
999 2805 1105 2864 agam,

142 2873 317 2970 *appellant
331 2874 396 2946 hoc
420 2877 558 2948 Graeci:
579 2901 647 2953 nos
676 2876 821 2948 dicamus
844 2872 919 2953 sane
955 2880 1104 2954 decorum.

156 2981 197 3052 de
210 2976 281 3079 quo
293 2973 455 3077 praeclare
470 3035 483 3069 ‚
496 2999 528 3052 et
541 2981 641 3053 multa
654 2981 919 3078 praecipiuntur,
935 3003 969 3054 et
992 3008 1046 3058 res
1060 2982 1103 3057 est

156 3095 348 3192 eognitione
363 3093 552 3192 dignisfima.
579 3092 684 3165 Huius
696 3093 904 3191 ignoratione
915 3119 986 3166 non
1000 3097 1103 3170 modo

154 3200 189 3270 in
217 3204 306 3292 vita,
333 3204 387 3276 sed
407 3203 582 3300 saepissime
601 3221 634 3275 et
661 3203 696 3275 in
715 3204 895 3301 poematis,
922 3223 956 3278 et
977 3207 1015 3278 in
1035 3232 1101 3280 ora·

106 3327 135 3384 7¹
153 3304 245 3376 tione
267 3327 427 3402 peccanrr.
457 3308 511 3381 Est
537 3329 671 3398 autem,
695 3310 775 3407 quid
797 3310 947 3402 decear‚‘
973 3315 1099 3389 oratori

41 3448 45 3458 ¹
152 3417 356 3508 videndum,
393 3448 465 3493 non·
483 3424 517 3493 in
534 3421 696 3497 sententiis
718 3422 842 3510 solum„
867 3423 922 3496 sed
945 3425 1098 3499 etiamin

152 3527 272 3601 verbis.
296 3529 376 3600 Non
389 3531 475 3601 enim
488 3532 595 3604 omnis
609 3531 762 3624 fortuna,
775 3536 844 3606 non
855 3533 965 3608 omnis
979 3533 1097 3630 honos,

74 3705 76 3710 .
150 3666 221 3711 non
245 3641 353 3714 omnis
375 3645 547 3718 auotoritas
561 3635 666 3736 ,non
685 3648 793 3720 omnis
810 3665 916 3741 aetas,
939 3677 1002 3725 nec
1017 3677 1097 3728 vero

131 3743 264 3844 iocus,
289 3776 345 3828 aut
362 3771 511 3852 tempus,v
530 3759 881 3863 autauditoromnim
906 3765 1030 3838 eodem
1044 3784 1094 3846 aut
