2302 4304
392 275 717 350 ORATOR
954 307 1021 384 ης

65 446 157 530 tegra
170 433 367 507 valetudine.
395 435 539 531 Primum
553 438 653 535 igitur
665 464 741 510 eum
755 461 936 538 tanquame
950 447 1027 521 vin·
1039 474 1071 523 77

66 544 150 616 culis
178 571 392 620 numerorum
407 549 598 624 eximamus.
630 553 710 624 Sunt
722 554 810 626 enim
826 557 959 652 quidam
971 559 1026 657 (ut

64 652 150 745 scis)
168 656 295 727 oratori
309 657 453 745 muneri,
469 656 509 727 de
524 656 642 752 quibus
656 683 738 729 mox
751 684 900 756 agemus,
913 665 1025 737 obser-

64 764 188 853 vandi,
200 766 327 837 ratione
342 767 505 864 quadam,
519 766 573 837 sed
586 765 651 838 alio
664 763 699 836 in
712 792 831 864 genere
844 773 1024 866 orationis,

64 874 102 949 in
124 876 195 947 hoc
218 876 358 949 omnino
386 876 597 973 relinquendi.
623 877 764 950 solutum
792 880 948 978 quiddam
965 884 1024 976 stt,

62 1011 128 1059 nec
144 1012 267 1085 vagum
281 1011 391 1060 tamen
404 1040 417 1075 ,
432 1005 467 1058 ut
480 987 606 1085 ingredi
623 988 741 1080 libere,
755 1017 825 1064 non
839 1017 875 1066 ut
888 994 1023 1070 licenter

61 1096 216 1171 videatur
234 1121 353 1169 errare.
378 1097 489 1168 Verba
502 1097 601 1168 etiam
615 1100 726 1172 verbis
739 1100 828 1198 quafi
845 1130 1022 1203 coagmen·
1036 1111 1073 1181 78,

61 1225 133 1279 tare
157 1207 307 1306 negligat.
333 1209 441 1281 Habet
463 1208 550 1280 enim
569 1209 623 1297 ille
636 1232 790 1308 tanquam
811 1212 917 1291 hiatus
940 1244 1022 1298 con.-

61 1321 162 1393 cutsu
173 1322 340 1395 vocalium
354 1321 455 1393 molle
468 1319 646 1420 quiddam,
659 1343 692 1397 et
706 1329 796 1424 quod
810 1330 931 1407 indicet
952 1359 1023 1411 non

58 1431 226 1528 ingratam
240 1431 488 1529 negligentiam,
503 1431 543 1503 de
557 1455 611 1524 re,
626 1432 790 1527 hominis,
805 1441 907 1538 magis
920 1452 1022 1540 quam

61 1543 106 1614 de
120 1542 246 1632 verbis,
266 1541 453 1614 laborantis.
477 1540 539 1612 Sed
550 1541 613 1611 erit
626 1537 808 1616 videndum
822 1548 863 1618 de
876 1545 1024 1649 reliquis‚'
1084 1636 1087 1641 ,
1111 1621 1115 1639 ,

60 1675 141 1722 cum
162 1649 243 1722 haec
263 1649 331 1721 'duo
351 1647 384 1719 ei
400 1648 555 1720 liberiora
569 1646 710 1737 fuerint,
730 1650 909 1744 circuitus,
935 1678 1021 1729 con.

59 1761 302 1861 glutinatioque
324 1758 516 1834 verborum.
540 1759 594 1831 Illa
613 1758 701 1832 enim
715 1762 783 1857 ipsa
796 1770 962 1861 contradat
987 1789 1021 1843 et

54 1872 192 1944 minuta
205 1897 274 1942 non
287 1869 490 1967 negligenter
502 1869 668 1940 tractanda
684 1869 776 1958 sunt;
795 1864 850 1943 sed
860 1875 1021 1970 quaedam

58 1977 166 2056 etiam
181 1981 379 2080 negligentia
397 1981 443 2052 est
468 1982 612 2081 diligens.
639 2009 717 2056 nam
731 2000 769 2058 ut
791 1986 942 2063 mulieres
956 1989 1022 2066 effe

58 2094 608 2185 (11111111111101111111111111011111111,
631 2121 712 2193 quas
725 2093 760 2168 id
772 2096 877 2194 ipsum
896 2096 1020 2176 deccat:
1043 2137 1045 2140 ·

57 2207 107 2279 fic
121 2208 203 2280 haec
226 2205 348 2281 subtilis
370 2203 478 2303 oratio
505 2204 601 2275 etiam
628 2203 774 2276 incomta
795 2206 939 2280 delean.
969 2211 1020 2282 Fit

59 2314 154 2388 enim
167 2315 321 2412 quiddam
333 2315 369 2386 in
382 2332 539 2411 utroque,
559 2334 628 2408 quo
640 2310 870 2403 fitvenmtius,
880 2312 935 2384 sed
949 2341 1019 2389 non

56 2444 100 2495 ut
113 2435 275 2520 appareat.
298 2420 389 2495 Tum
401 2418 628 2494 removebitur
648 2417 757 2490 omnis
773 2415 904 2516 infignis
920 2445 1018 2495 orna,

56 2551 134 2623 tus,
159 2533 246 2632 quast
263 2532 520 2630 margaritarum.
535 2556 577 2602 ne
590 2525 760 2603 calamistri
774 2529 907 2626 quidem
925 2534 1017 2606 adhi-

57 2644 239 2718 bebuntur.
256 2642 470 2735 ¹Fucati.vero
483 2638 724 2713 medicamenta
740 2636 890 2714 candoris
907 2666 941 2717 et
957 2670 1016 2718 tu·
1030 2676 1063 2727 79

49 2752 156 2828 -boris
179 2753 303 2826 omnia·
315 2749 511 2847 repellentur
521 2778 536 2821 :·
555 2748 713 2846 elegantia
724 2750 848 2842 modo,
866 2773 900 2826 et
921 2756 1017 2831 inun-

57 2861 144 2933 ditia
159 2859 359 2938 remanebit.-
381 2858 497 2941 Sermo
514 2883 614 2956 purus
636 2859 714 2948 erit,
732 2877 765 2933 11
785 2859 937 2938 Latinus:
962 2866 1016 2937 di-

55 2969 171 3061 lucide
192 2963 356 3068 planeque,¹
378 2970 529 3043 dicetur:
548 2968 634 3068 quid
659 2971 796 3056 deceat,
828 2971 1016 3069 circumspi-

56 3080 178 3177 cietur.·
201 3081 316 3181 Unum
329 3073 449 3172 aderit,
464 3081 555 3179 quod
570 3082 722 3178 quartamt
741 3101 889 3152 numerat
901 3082 1015 3153 Theo·
1030 3102 1075 3172 24

56 3180 211 3284 phratlus
218 3191 255 3262 111Ι
266 3186 589 3264 orationis'laudibus
603 3241 614 3277 ,
630 3184 784 3275 ornantm
798 3185 895 3281 illud,
914 3188 1014 3267 suave

52 3308 93 3364 et
107 3296 241 3367 affluens
257 3296 398 3368 :acutae
422 3293 621 3388 crebraeque
645 3282 818 3391 sententiae
835 3316 1012 3388 ponentur,
1114 3383 1117 3391 ἱ

54 3425 94 3482 et
116 3406 227 3480 nescio
240 3407 384 3480 unde-ex
402 3406 518 3480 abdito
536 3424 669 3491 erutae,
693 3417 790 3500 atque
802 3402 837 3475 in
851 3405 916 3480 hoc
937 3404 1011 3478 ora·

51 3512 139 3591 1018
151 3513 417 3595 dominabuntur.
441 3511 655 3586 Verecundus
674 3508 737 3586 etit
752 3512 825 3587 uses
844 3515 1008 3587 oratoriae
1023 3533 1056 3585 to
1077 3549 1080 3553 ¹

52 3624 149 3724 quali
169 3624 380 3723 supelleclilis.
411 3621 561 3719 Supellett
581 3612 626 3693 est
648 3622 736 3695 enim
759 3611 1020 3723 quodammodo·
1079 3673 1082 3680 -

52 3732 190 3826 nostra,
214 3760 300 3833 quae
319 3733 366 3809 est
385 3733 421 3807 in
449 3733 679 3832 ornamentis,
702 3734 765 3904 aElia
800 3758 923 3830 terum,
947 3726 1009 3820 alia

281 3886 285 3893 .
754 3855 774 3903 e
800 3855 821 3903 2
900 3859 903 3864 ·
