2302 4304
165 278 230 404 .f
377 301 683 381 annuus
937 327 1002 406 n,

43 455 153 534 rauna
179 459 215 533 a
247 459 392 534 arcendo
421 438 529 564 myri
562 464 724 540 tribunt
753 468 944 560 Homerus,
974 486 1009 541 et

45 571 201 661 Nestori,
228 569 390 669 (quorum
412 575 547 647 alterum
568 578 641 649 vim
658 573 778 652 habere
798 580 928 670 voluit,
956 579 1013 650 al·-

46 703 159 758 1erurn
182 682 415 783 suavitatem,)
444 686 503 757 nisi
520 687 586 758 iam
606 708 677 761 tum
702 690 789 770 effer
803 690 913 763 honos
934 690 1007 763 elo-

48 794 227 894 quentiae3
256 820 365 891 neque
385 794 452 891 ipse
473 816 573 891 poeta
595 796 650 871 hic
671 815 738 869 tam
758 798 846 869 idem
870 820 1005 871 ornatus
1088 836 1096 851 =

49 909 88 981 in
112 907 278 996 dicendo,
305 905 342 979 ac
368 907 463 1003 plane
484 924 598 979 orator
619 907 727 981 fuiffet
746 936 754 979 :
772 910 864 982 cuius
885 910 942 982 etsi
958 910 1010 981 in·
1049 932 1052 939 ·

51 1040 145 1091 certa
165 1019 238 1091 sunt
265 1036 433 1113 tempora,
471 1033 581 1115 tamen
607 1017 699 1088 annis
717 1017 826 1089 multis
846 1015 909 1089 fuit
934 1036 1009 1090 ante
1055 1021 1056 1025 ’

52 1130 255 1204 Romulum:
280 1129 440 1228 srquidem
467 1152 538 1199 non
556 1127 642 1198 infra
663 1128 863 1225 superiorem
886 1131 1012 1227 Lycur·

53 1267 137 1339 gum
157 1239 240 1330 fuit,
273 1263 382 1335 aquo
408 1235 454 1308 est
476 1236 643 1333 disciplina
675 1238 1011 1312 Lacedaemonionum
1072 1234 1074 1239 ’

55 1351 205 1423 adstrida
226 1349 362 1446 legibus.
411 1349 475 1419 Sed
502 1346 642 1418 ihidium
669 1347 740 1420 eius
759 1351 905 1445 generis,
942 1375 1012 1421 ma·
1028 1372 1060 1420 41

57 1456 175 1555 iorque
193 1457 245 1531 vis
267 1456 454 1553 agnoscitur
478 1457 513 1528 in
533 1455 704 1551 Pisistrato.
747 1459 904 1556 Denique
923 1458 1011 1534 hunc

54 1566 215 1667 proximo
243 1568 354 1641 seculo
398 1568 635 1641 Themistocles
660 1570 821 1642 insecutus
849 1568 925 1661 est,
975 1587 1012 1642 ut

56 1676 146 1772 apud
165 1698 252 1766 nos,
278 1674 508 1772 perantiquus3
532 1692 568 1747 ut
589 1676 676 1771 apud
694 1675 1015 1765 Athenienses,non¹
1105 1668 1110 1673 ’

57 1786 104 1860 ita
123 1788 198 1860 sane
221 1810 327 1862 venis.
375 1787 448 1871 Fuit
469 1786 556 1858 enim
575 1803 731 1883 regnante
754 1787 818 1858 iam
846 1789 1013 1877 Graecia,

58 1894 169 1968 nostra
190 1911 296 1966 autern
318 1892 451 1967 civitate
475 1917 544 1964 non
561 1894 606 1964 ita
622 1894 749 1989 pridem
774 1895 947 1967 dominatu
962 1919 1015 1967 ree

59 2006 117 2103 gio
137 2005 281 2079 hberata.
304 2029 381 2076 nam
408 2003 528 2077 bellum
546 2004 743 2077 Volscorum
762 2005 843 2077 illud
863 2004 1014 2102 graviffi·
1093 2038 1128 2115 ο

59 2144 176 2207 mum,
203 2115 256 2188 cui
276 2114 475 2217 Coriolanus
496 2115 584 2187 exsul
604 2114 775 2203 interfuit,
803 2115 922 2185 eodem
947 2114 1019 2190 ferd

63 2244 240 2319 tempore,
267 2247 337 2320 quo
365 2223 531 2294 Persarum
561 2223 699 2310 bellum,
741 2220 820 2309 fnit,
844 2220 1019 2316 similisque

63 2335 196 2409 fortuna
223 2332 390 2406 clarorum
421 2332 584 2406 virorum.
640 2332 673 2401 Si
700 2329 835 2425 quidem
856 2346 1017 2423 uterque,
1035 2362 1067 2418 4²

63 2472 142 2519 cum
168 2446 252 2520 civis
278 2446 425 2544 egregius
453 2443 582 2533 fuiffet,
621 2443 737 2539 populi
763 2439 881 2537 ingrati
912 2440 1020 2536 pulsus

64 2554 199 2642 iniuria,
223 2553 256 2625 se
278 2554 320 2625 ad
338 2551 447 2624 hostes
464 2551 620 2637 contulit,
646 2568 869 2648 conatumque
888 2550 1020 2624 iracun-

66 2664 139 2736 diae
157 2662 231 2734 suae
250 2680 358 2735 morte
376 2662 509 2736 sedavit.
528 2687 605 2732 nam
617 2661 676 2733 etsi
698 2661 790 2743 aliter
809 2661 855 2734 est
868 2663 952 2759 apud
967 2681 1017 2754 te,

69 2772 201 2862 Attice,
238 2772 279 2844 de
305 2773 510 2861 Coriolano,
550 2773 697 2850 concede
721 2789 849 2856 tamen,
879 2790 917 2844 ut
945 2771 1022 2861 huic
1078 2846 1080 2852 .

69 2878 183 2974 generi
208 2878 325 2951 mortis
345 2879 455 2975 potius¹
472 2876 631 2950 affentiar.
660 2880 706 2951 At
722 2877 775 2948 ille
796 2877 921 2968 ridens,
946 2879 1024 2949 Tuo
1045 2878 1088 2948 1'1

70 3013 175 3075 vero,
206 2988 337 3086 inquit,
374 2990 549 3063 arbitratu:
588 2990 747 3085 quoniam
780 2990 914 3086 quidem
946 3012 1027 3059 con-

70 3097 192 3178 ceffum
213 3095 261 3169 est
286 3099 473 3170 rhetoribus
493 3097 645 3170 ementiri
663 3098 698 3191 in
727 3095 886 3185 historiis,
911 3115 949 3169 ut
970 3096 1027 3168 ali-

70 3207 152 3305 quid
177 3207 287 3278 dicere
307 3208 430 3305 poffint
458 3209 611 3306 argutius.
633 3224 670 3277 ut
696 3206 784 3277 enim
810 3228 847 3278 tu
872 3231 962 3278 nunc
985 3209 1028 3279 de
1079 3232 1083 3242 ¹

70 3319 285 3409 Coriolan0,
321 3320 588 3408 factitarentur,
623 3319 667 3391 fic
687 3318 862 3393 Stratocles
881 3319 922 3392 de
940 3320 1029 3392 The·

72 3429 221 3507 mistocle
241 3429 348 3505 finxit.
397 3433 502 3522 Nam,
525 3456 625 3529 quem
651 3427 887 3526 Thucydides,
916 3431 1030 3524 quiet
1043 3462 1074 3518 43

73 3540 279 3615 Atheniensis
290 3565 378 3629 erat,
397 3565 431 3615 et
447 3542 577 3614 summo
590 3540 668 3609 loco
685 3561 794 3627 natus,
820 3535 1027 3631 summusque

73 3652 143 3739 vir,
178 3669 212 3721 et
240 3651 339 3746 paulo
361 3667 463 3722 aetate
492 3646 676 3744 posterior,
710 3658 837 3718 tannim
860 3663 1030 3715 mortuum

52 3752 224 3857 ¹scripsit,
250 3759 457 3840 etinAttica
470 3758 555 3834 clam
568 3755 760 3842 humatuun3
781 3752 924 3844 addidit,
937 3749 1031 3828 fuiffe
1128 3750 1131 3787 ³
