2302 4304
15 216 21 229 ¹
118 238 187 355 εἰ.
319 274 855 349 promote

115 436 218 514 rimus
222 491 234 529 ,
265 436 345 534 quid
360 437 483 511 intersit
499 438 586 510 inter
600 454 770 511 oratorum
783 435 886 509 studia
897 454 997 534 atque
1010 449 1069 510 nai

64 595 68 600 ·
114 536 211 621 terras.
259 545 457 620 Suavitatem
490 547 666 637 Isocrates,
700 544 909 618 subtilitatem
933 544 1071 643 Lysias,

115 678 253 728 acumen
271 655 479 753 Hyperides,
502 655 645 727 sonitum
670 652 863 742 Aeschines,
897 650 970 726 vim
996 650 1070 721 De-

115 760 302 836 mosthenes
330 761 453 835 habuit.
486 760 560 857 quis
579 787 697 834 eorum
719 785 789 833 non
810 754 989 856 egregius?
1022 773 1070 826 ta-

115 900 193 948 men
211 877 284 974 quis
306 874 496 971 cuiusquam
512 875 570 946 nisi
593 876 639 949 sui
652 873 781 947 similis?
806 873 1011 947 Gravitatem
1025 874 1070 942 A·

114 986 270 1078 fricanus,
294 988 459 1060 lenitatem
479 988 620 1074 Laelius,
632 988 832 1089 asperitatem
846 986 952 1059 Galba
964 1039 976 1074 ,
990 1009 1071 1082 pso-

113 1095 221 1171 fluens
238 1097 394 1194 quiddam
417 1098 529 1170 habuit
543 1097 656 1169 Carbo
677 1115 712 1170 et
735 1120 903 1169 canorum.
927 1096 1001 1191 quis
1014 1094 1071 1164 ho÷

47 1238 50 1243 ·
114 1235 189 1282 rum
203 1234 272 1281 non
291 1209 444 1306 princeps
464 1209 667 1305 temporibus
685 1206 744 1279 illis
762 1206 853 1279 suit?
880 1222 912 1276 et
942 1203 1003 1275 suo
1018 1221 1070 1309 ta·

76 1329 98 1401 8
116 1344 193 1392 men
210 1318 348 1416 quisque
369 1319 404 1390 in
415 1343 534 1416 genere
547 1319 708 1416 princeps.
756 1318 820 1390 Sed
837 1316 919 1414 quid
933 1338 998 1410 ego
1012 1336 1071 1385 ve-

50 1424 99 1515 '²9
114 1444 184 1499 tera
210 1429 425 1525 conquiram,
459 1453 535 1500 cum
558 1429 640 1500 mihi
666 1429 760 1500 liceat
781 1429 831 1500 uti
851 1423 1072 1524 praesentibus

112 1537 272 1633 exemplis
291 1555 387 1635 atque
400 1538 514 1613 vivis?
545 1538 637 1630 Quid
658 1538 829 1611 iucundius
856 1536 986 1608 auribus
1006 1557 1071 1605 no·

113 1643 186 1729 stris
199 1671 343 1746 unquam
366 1649 483 1721 accidit
497 1648 592 1722 huius
605 1650 755 1721 oratione
769 1647 901 1723 Catuli?
927 1646 1073 1743 quaeest

84 1805 85 1808 =
111 1782 194 1854 pura
212 1758 277 1849 stc,
299 1777 334 1831 ut
353 1761 464 1835 latine
483 1750 577 1858 loqui
604 1786 707 1858 paene
728 1762 814 1834 solus
834 1760 1004 1846 videatur3
1020 1761 1073 1854 vfic

110 1893 223 1959 autem
247 1873 374 1968 gravis,
398 1895 436 1945 ut
456 1873 491 1944 in
503 1872 653 1970 singulari
665 1872 820 1970 dignitate
838 1869 947 1943 omnis
960 1887 1072 1943 tamen

20 1982 25 2003 “
112 1981 193 2053 adsit
213 1969 395 2055 heimanitas
420 2009 458 2055 ac
481 1984 584 2080 lepos.
629 1986 723 2076 Quid
747 1983 876 2057 multa?
900 1982 998 2054 isttun
1012 2009 1072 2082 au·

112 2089 205 2161 diens
218 2091 374 2189 equidem
393 2092 437 2164 stc
456 2093 599 2165 iudicare
626 2094 742 2183 soleo,
767 2094 928 2192 quidquid
942 2110 998 2164 aut
1014 2094 1073 2165 ad·

112 2199 260 2290 dideris,
284 2224 339 2274 aut
361 2204 562 2291 mutaveris,
582 2221 638 2274 aut
650 2204 849 2292 detraxeris,
874 2202 1025 2303 vitiosius
1039 2224 1073 2277 et

65 2342 98 2396 30
113 2312 254 2386 deterius
271 2313 429 2388 futrumn.
478 2315 572 2408 Quid
593 2316 775 2390 nollerhic
790 2315 932 2387 Caesar?
959 2337 1073 2387 nonne

107 2442 238 2494 trovam
252 2423 417 2518 quandam
435 2422 596 2495 rationem
623 2423 729 2495 attulit
741 2423 926 2511 orationis,
958 2444 992 2494 et
1016 2423 1073 2494 di·

108 2529 210 2600 cendi
230 2555 333 2625 genus
343 2531 474 2603 induxit
484 2556 590 2627 prope
603 2531 760 2630 singtdare
774 2532 788 2604 i
816 2532 901 2622 Quis
914 2556 1074 2628 tunquam

37 2646 40 2654 '
112 2664 193 2728 res,
219 2656 345 2734 praeter
363 2641 474 2730 hunc,
508 2644 646 2740 tragicas
668 2668 771 2738 paene
789 2642 945 2730 comice,
969 2640 1075 2727 tristes

31 2775 52 2811 x
113 2746 264 2836 remisse,
291 2748 420 2822 severas
433 2751 554 2842 hilare,
575 2753 719 2825 forenses
740 2753 865 2829 scenica
886 2778 993 2850 prope
1010 2779 1073 2827 ve·

113 2854 237 2930 nullate
259 2859 434 2948 traslavit3
462 2874 559 2959 atque
573 2863 617 2934 ita
631 2915 642 2951 ,
668 2878 705 2934 ut
720 2887 828 2961 neque
839 2865 933 2936 iocus
945 2865 1074 2962 magni·

57 2986 60 2991 ·
113 2967 225 3040 tudine
252 2993 362 3043 rerum
391 2972 648 3062 excluderetur,
673 2999 735 3047 nec
769 2975 908 3074 gravitas
944 2975 1095 3050 facetiis.

60 3116 96 3184 ¹31
114 3083 341 3165 minueretur?
371 3089 458 3160 Ecce
485 3085 667 3183 praesentes
697 3089 766 3160 duo
791 3111 897 3184 prope
924 3089 1074 3184 aequales

114 3196 276 3291 Sulpicius
307 3217 341 3272 et
356 3200 468 3272 Cotta.
519 3198 601 3296 quid
630 3201 814 3272 taminter·
829 3199 861 3271 se
883 3197 1034 3272 dissrmile
1058 3201 1077 3273 l*

114 3307 197 3403 quid
214 3330 282 3381 ram
299 3311 333 3381 in
356 3312 415 3384 suo
433 3334 552 3408 genere
575 3308 760 3405 praestans?
782 3309 922 3381 limatus.
937 3310 1020 3381 alter
1042 3326 1075 3383 et
1108 3300 1111 3305 ’

115 3419 254 3509 subtilis,
273 3447 344 3494 rem
357 3421 523 3518 explicans
540 3420 682 3516 propriis
695 3419 981 3516 aptisque-verbis.
1000 3418 1075 3491 hae*

116 3549 168 3602 ret
186 3527 222 3600 in
242 3530 335 3602 causa
349 3531 498 3626 semper,
512 3544 566 3615 et,
589 3527 670 3628 quid
686 3528 787 3600 iudici
800 3528 1011 3623 probandum
1026 3527 1077 3617 sit,

63 3675 71 3713 e
115 3658 194 3708 etun
217 3637 395 3719 actuiffime
419 3635 527 3724 vidit,
559 3634 825 3711 omissis-'ceteris
850 3638 1077 3733 argumentis,

115 3743 152 3818 in
173 3770 215 3820 eo
228 3763 373 3821 mentem
387 3743 639 3844 orationemque
658 3744 781 3845 defigit.
812 3746 992 3844 Sulpicius
1014 3771 1076 3823 au·
