2302 4304
396 275 707 385 BRUTU&
962 308 1032 408 ffip

71 477 226 568 deerant,
253 497 323 549 non
338 474 606 548 desiderarentur.
639 474 713 559 lta,
738 483 894 569 tanquam
924 470 1032 543 Curio
1053 508 1097 562 ης

71 587 172 685 copia
190 584 347 657 nonnulla
364 573 566 675 verborum,
599 586 689 668 nullo
703 584 774 657 alio
788 585 907 685 bono,
928 572 1036 659 tenuit

72 717 248 771 oratorum
262 696 374 787 locum
390 712 399 766 t
431 695 475 767 s1c
488 695 551 766 Cn.
575 695 729 769 Lentulus
745 712 929 767 ceterarum
959 695 1035 769 vir·

72 823 179 879 tartum
191 804 329 877 dicendi
339 804 600 884 mediocritatem
627 805 755 876 afflone
770 804 977 893 occultavit,
996 804 1032 877 in

72 939 139 1013 qua
165 913 329 986 excellens
347 911 420 984 suit.
467 912 584 1009 Neque
611 911 717 984 multo
742 912 831 984 secus
853 914 890 986 Ρ.
911 914 1036 984 Lentu·

72 1024 139 1112 lus,
157 1022 256 1095 ¹cuius
279 1043 312 1092 et
327 1021 538 1118 excogitandi
564 1040 597 1093 et
610 1016 768 1118 loquendi
784 1020 970 1094 tarditatem
984 1039 1036 1094 te-

73 1135 172 1234 gebat
187 1130 318 1205 formae
331 1133 484 1230 dignitas,
503 1131 656 1227 corporis
677 1149 788 1205 motus
810 1133 924 1230 plenus
938 1153 1036 1207 etar-

73 1248 115 1329 tis
125 1263 160 1320 et
168 1243 367 1332 venustatis,
394 1242 492 1315 vocis
510 1260 543 1314 et
565 1241 709 1317 suavitas
727 1261 761 1316 et
772 1242 976 1342 magnitudo.
991 1245 1037 1323 fic

72 1352 198 1425 inhoc
219 1347 301 1423 nihil
328 1366 456 1446 praeter
479 1350 643 1421 astionem
670 1349 758 1437 suit;
793 1372 903 1425 cetera
929 1354 1030 1428 etiam
1138 1340 1141 1347 ¹

73 1465 220 1552 minora,
237 1489 337 1560 quam
358 1459 396 1535 in
420 1464 597 1560 superiore.
626 1465 674 1534 M.
687 1462 763 1536 Piso
789 1457 953 1561 quidquid
978 1468 1035 1539 lra-
1056 1483 1120 1578 67,

73 1575 167 1665 buit,
195 1573 309 1647 habuit
339 1599 381 1646 ex
406 1572 596 1670 disciplina;
618 1572 826 1668 maximeque
859 1595 902 1643 ex
929 1573 1036 1647 omni·
1055 1603 1104 1670 236

73 1683 158 1768 bus,
186 1682 245 1778 qui
271 1698 346 1754 ante
369 1679 518 1769 fuerumt,
535 1681 671 1752 Graecis
696 1681 867 1793 dodrinis⁸
888 1684 1054 1759 eruditm

72 1790 146 1869 suit.
196 1789 321 1860 Habuit
351 1813 370 1859 a
397 1809 511 1860 natura
537 1812 638 1886 gemis
657 1790 826 1885 quoddam
854 1791 1036 1884 actuninis,
1115 1823 1119 1829 ·

73 1900 168 1999 quod
202 1901 300 1971 etiam
321 1915 389 1976 arte
413 1897 602 1972 limaverat:
646 1900 740 1996 quod
762 1899 887 1973 eratin
919 1926 1034 2000 repre*

73 2002 256 2093 hendendis
277 2011 388 2085 verbis
401 2011 568 2083 versutum
587 2032 621 2083 et
642 2006 776 2100 sollers,
796 2013 851 2085 sed
869 2013 962 2111 saepe
972 2015 1036 2088 llo·

72 2125 283 2211 machosum,
305 2149 541 2222 nonnunquam
555 2125 734 2222 frigidum,
756 2127 920 2198 interdum
936 2129 1034 2201 etiam

24 2278 30 2285 -
67 2237 229 2311 facetum.
264 2235 479 2326 lslaborem,
503 2235 592 2334 quast
610 2237 758 2321 cursum,
781 2235 945 2308 sorensem
968 2239 1036 2311 diu·

72 2351 139 2432 tius
162 2375 233 2434 non
250 2350 350 2438 tulit,
374 2348 467 2445 quod
486 2367 519 2419 et
543 2370 689 2442 corpore
708 2364 777 2418 erat
800 2345 962 2437 infirmo,
1001 2367 1035 2422 et

72 2459 251 2533 hominum
276 2458 415 2554 ineptias
447 2483 485 2528 ac
515 2456 687 2544 stultitias,
715 2481 798 2554 quae
821 2455 1034 2534 devorandae

51 2636 55 2645 .
72 2571 172 2643 nobis
193 2565 290 2659 sunt,
323 2593 392 2640 non
409 2567 553 2656 serebat,
585 2567 836 2664 iracundiusque
850 2567 1034 2664 respuebat,

36 2666 39 2670 ’
71 2679 143 2759 five
164 2678 316 2768 morose,
341 2695 377 2749 ut
390 2678 586 2775 putabatur,
608 2677 675 2752 stve
694 2679 839 2774 ingenuo
859 2664 1033 2779 libeioque

69 2789 215 2866 fastidio.
267 2796 383 2887 lseum
405 2793 477 2865 satis
498 2790 658 2864 floruisset
675 2785 895 2882 adolescens,
920 2790 1033 2868 minor
1134 2872 1138 2883 .

70 2904 189 2976 haberi
202 2903 248 2976 est
261 2922 398 3007 coeptus
415 2902 537 3000 postea.
561 2903 678 2976 deinde
692 2923 740 2973 ex·
753 2900 930 2998 Virginum
946 2902 1032 2973 iudi·

71 3013 129 3084 cio
142 3021 302 3110 magnam
323 3011 511 3085 laudem'esl
534 3013 692 3110 adeptus,
719 3028 754 3082 et
774 3035 815 3081 ex
838 3034 881 3087 eo
896 3029 1030 3105 tempo·

70 3142 107 3193 re
135 3117 226 3214 quast
249 3140 423 3191 revocatus
448 3119 483 3190 in
516 3120 668 3208 cursum,
706 3117 810 3189 tenuit
828 3112 941 3186 loc'um
962 3135 1039 3188 tam·

70 3227 155 3315 diu,
179 3246 278 3323 quam
299 3227 386 3321 serre
399 3228 508 3324 potuit
527 3229 680 3303 laborem
698 3255 706 3298 :
731 3224 843 3322 poslea
855 3301 857 3305 ,
869 3245 1030 3324 quantum

68 3338 217 3439 detraxit
229 3338 407 3429 exstudio,
431 3357 556 3412 tantum
570 3335 674 3412 amisit
687 3365 729 3410 ex
738 3337 852 3435 gloria.
900 3339 936 3412 P.
950 3341 1029 3412 Mu·-
1048 3340 1099 3418 ²37'

68 3474 154 3525 rena
172 3450 336 3550 mediocri
362 3450 526 3548 ingenio,
562 3448 616 3521 sed
636 3471 758 3545 magno
785 3445 892 3521 sludio
917 3462 1028 3520 rerum
1120 3488 1121 3492 =

67 3583 252 3650 veterum,
275 3561 448 3636 literarum¹
465 3582 497 3634 et
519 3559 676 3631 studiosus
699 3577 732 3632 et
752 3581 821 3631 non
837 3554 1028 3657 imperitus,
1131 3630 1134 3635 ,

67 3670 193 3744 multae
207 3666 380 3742 induslriae
401 3690 433 3741 et
451 3668 563 3766 magni
583 3663 704 3739 laboris
716 3666 789 3750 fuit
837 3667 878 3738 C.
903 3666 1029 3746 Censo-

65 3781 164 3852 rinus
177 3768 315 3856 Gnlecis
335 3776 436 3853 literis
454 3778 528 3851 satis
545 3777 675 3868 dotto,
696 3777 788 3874 quod
803 3778 1029 3877 proposuerat,
1044 3836 1047 3842 .
1133 3815 1135 3820 r

154 3881 249 3948 Cicer.
275 3881 367 3971 Oper.
392 3881 464 3946 Vol.
486 3877 536 3945 II.
570 3879 574 3885 ’
795 3877 863 3946 Aa
