2302 4304
149 305 217 400 296
395 292 786 419 ‘'BRUTUS.

143 463 179 536 in
206 460 382 559 conspediu
415 465 529 537 omnia
557 465 732 540 viderem:
745 488 828 564 quae
855 488 935 539 cum
969 465 1112 545 studiose

22 640 25 649 .
143 578 284 648 tradate
321 578 522 674 coepissem,
550 579 618 676 ipsa
647 580 729 652 mihi
754 583 906 654 tradatio
941 581 1107 657 literarum

144 685 290 762 salutaris
323 687 416 781 fuit,
446 692 708 791 admonuitque,
731 695 919 790 Pomponi,
946 718 983 768 ut
1023 722 1043 768 a
1077 715 1107 770 te

144 798 216 895 ipso
240 798 399 873 sumerem
427 802 549 900 aliquid
580 805 624 876 ad
659 830 712 877 me
744 803 987 894 reficiendum,
994 827 1106 906 teque

143 917 445 1007 remunerandum,
467 917 490 989 ss
521 943 590 989 non
614 919 710 1014 pari,
735 937 768 991 at
782 937 891 1016 ⁴grato
906 939 1018 993 tamen
1036 948 1104 994 mu·

144 1043 223 1090 nere
240 1047 465 1119 :quamquam
490 1022 570 1095 illud
597 1022 788 1096 Hefiodium
820 1025 972 1099 laudatur
993 1051 1015 1096 a
1032 1026 1103 1098 doc·

144 1127 213 1215 tis,
239 1131 331 1225 quod
347 1134 461 1204 eadem
483 1132 633 1207 mensura
659 1136 796 1207 reddere
819 1136 935 1224 iubet,
961 1160 1027 1233 qua
1052 1160 1102 1207 ac·

100 1257 132 1310 16
146 1242 294 1337 ceperis,
313 1266 369 1316 aut
393 1246 491 1316 etiam
517 1245 757 1335 cumulatiore,
775 1246 798 1317 sr
823 1247 932 1343 poffisr
952 1250 1027 1346 Ego
1047 1272 1101 1318 au-

144 1369 212 1421 tem
245 1351 450 1425 voluntatem
487 1355 547 1427 tibi
572 1355 728 1452 prosedo
760 1356 928 1427 emetiar:
949 1353 1005 1428 sed
1035 1379 1100 1426 rem

142 1458 244 1555 ipsam
275 1465 424 1536 nondum
448 1468 541 1564 posse
568 1468 712 1553 videor3
733 1467 832 1563 idque
868 1484 905 1538 ut
933 1466 1100 1565 ignoscas,
1140 1480 1141 1484 ’

143 1595 216 1644 ate
236 1593 326 1670 peto.
356 1577 428 1647 Nec
450 1578 539 1647 enim
575 1602 617 1648 ex
643 1573 775 1673 novis(
802 1593 838 1647 ut
863 1575 1027 1673 agricolae
1051 1576 1100 1647 so-

142 1681 249 1781 lent)
286 1683 446 1758 srudibus
467 1685 537 1772 est,
563 1687 651 1758 unde
674 1686 735 1757 tibi
772 1686 906 1757 reddam
929 1686 1025 1783 quod
1049 1709 1100 1757 ac·⁶

143 1794 235 1890 cepi:
255 1795 309 1868 src.
327 1797 436 1867 omnis
463 1796 573 1869 soetus
607 1795 795 1892 repressus,
830 1793 1026 1894 exustusque
1056 1791 1101 1864 siti

43 1909 81 1919 “’
142 1905 207 1979 flos
235 1910 356 2000 veteris
394 1907 549 1980 ubertatis
584 1909 740 1981 exaruit:
764 1934 825 1979 nec
853 1932 896 1978 ex
934 1908 1100 1996 conditiS,

63 2073 80 2096 2
143 2016 203 2117 qui
239 2020 347 2091 iacent
386 2021 420 2091 in
453 2020 617 2106 tenebris,
653 2039 686 2090 et
711 2019 752 2088 ad
779 2041 864 2115 quos
896 2017 1009 2088 omnis
1038 2040 1098 2087 no-

144 2132 195 2205 bis
234 2131 371 2220 adino,
400 2129 458 2227 qui
491 2155 594 2223 paene
627 2127 703 2200 solis
738 2128 885 2224 patuit,
918 2125 1100 2199 obstiudus

143 2243 198 2315 est
225 2244 375 2317 Seremus
395 2239 500 2338 ,igitur
527 2239 651 2335 aliquid
678 2257 834 2333 tanquam
865 2237 901 2307 in
921 2237 1048 2310 inculto
1072 2255 1102 2306 et

143 2331 301 2428 derelidso
337 2353 432 2438 solo;
468 2351 562 2449 quod
593 2352 637 2421 ita
674 2351 847 2447 diligenter
880 2348 1049 2434 colemus,
1069 2360 1102 2430 ut

143 2468 318 2564 impendiis
355 2465 454 2537 etiam
501 2489 619 2561 augere
651 2461 809 2585 possimus
847 2458 1030 2556 largitatem
1058 2454 1101 2526 tui

142 2577 310 2659 muneris;
326 2576 430 2645 modo
455 2573 544 2646 idem
569 2570 680 2644 noster
694 2571 821 2641 animus
834 2558 966 2644 efficese
987 2566 1105 2664 poss
1069 2583 1082 2637 t

26 2777 30 2783 ι
142 2686 235 2782 quod
256 2710 351 2780 ager,
365 2684 421 2780 qui
436 2710 511 2756 cum
537 2684 667 2755 multos
684 2706 788 2753 annos
810 2679 962 2779 quievit,
975 2678 1104 2749 uberio-

39 2814 51 2895 f·
96 2815 129 2872 ἰι
143 2823 193 2868 res
215 2793 335 2867 'efferre
359 2795 469 2894 sruges
494 2796 584 2872 solet.
613 2799 704 2868 Tum
734 2796 815 2882 isse,
842 2797 915 2890 Ego
952 2817 1038 2864 veto
1075 2807 1104 2862 et

141 2907 339 3003 exspedabo
376 2935 414 2980 ea
438 2963 450 2995 ,
474 2932 557 3006 quae
590 2907 783 3005 polliceris,
814 2928 923 3003 neque
952 2902 1104 3009 exigant,

102 3036 106 3057 ¹
138 3018 200 3089 nifi
224 3040 284 3091 tuo
307 3008 491 3093 commodo
502 3031 518 3106 ,'
527 3037 560 3091 et
580 3018 676 3091 erunt
697 3017 780 3090 mihi
802 3033 950 3119 pergrata
960 3060 976 3105 ·,
1001 3015 1104 3088 fisos-

85 3195 105 3228 „
140 3131 240 3204 veris.
261 3132 352 3204 Mihi
382 3126 544 3230 quoque,
569 3132 676 3230 inquit
704 3135 845 3215 Brutus,¹
866 3146 900 3200 et
921 3129 1102 3226 exspedian-

142 3241 184 3313 da
215 3242 298 3315 sunt
328 3270 366 3315 ea
382 3300 393 3334 ,
409 3270 493 3342 quae
521 3246 634 3318 Attico
667 3242 859 3338 polliceris,
876 3239 935 3344 etsi
976 3237 1103 3311 sortasse

104 3359 130 3401 Κ
140 3376 208 3451 ego
229 3378 248 3424 a
269 3378 303 3427 te
316 3356 412 3430 huius
428 3357 636 3430 voluntarius
650 3373 848 3453 procurator
867 3356 978 3451 petam
988 3349 1100 3451 ,quod

140 3464 229 3563 ipse,
257 3469 310 3540 cui
338 3470 457 3557 debes,
472 3470 504 3543 se
529 3469 751 3543 incommodo
779 3469 973 3568 exasiurum
1002 3485 1099 3563 negat,

103 3588 126 3672 ’ς
144 3582 188 3650 Ar
216 3605 325 3669 vern,
352 3580 507 3678 inquam,
525 3582 586 3654 tibi
610 3606 696 3680 ego„
714 3584 847 3667 Brute,
860 3603 931 3650 non
955 3576 1096 3659 solvam,

99 3691 129 3743 18
145 3685 203 3754 nist
222 3686 359 3782 priusa
394 3694 429 3756 te‘
461 3684 775 3781 cavero„a‘m'plius
811 3708 854 3757 eo
879 3685 1016 3758 nomine
1045 3696 1094 3752 ne·

141 3797 287 3885 minem,
312 3799 403 3874 cuius
420 3796 537 3898 petitio
564 3797 625 3885 fir,
648 3797 838 3897 petiturum.
866 3795 948 3869 Non
977 3789 1093 3868 meher-
