2302 4304
105 307 208 389 ,u
389 248 892 433 oronntonr

159 470 240 565 hoc,
263 473 399 566 Crasse,
413 478 611 575 respondeo,
628 503 734 576 neque
756 503 808 549 me
829 502 974 576 unquam
996 477 1048 550 ius
1065 471 1118 552 ci»

155 583 227 654 'vile
250 583 417 677 didicisse,
444 611 549 684 neque
575 587 744 659 tamenin
770 586 810 659 iis
838 587 951 675 causas,
976 612 1058 683 quas
1079 588 1116 659 in

159 689 232 765 iure
256 694 385 792 possem
421 696 614 786 defendere,
646 721 792 794 turquam
828 694 921 766 islam
947 695 1116 767 scientiam

158 802 359 880 desiderasse.
398 806 496 878 Aliud
519 802 564 876 est
590 806 700 894 enim,
730 803 795 876 effe
820 803 979 876 artificem
1006 804 1117 876 cuius·

153 913 235 985 dam
262 915 391 1013 generis
416 931 513 1011 atque
543 917 640 1005 artis,
680 916 767 988 aliud
790 916 826 986 in
848 915 1022 987 communi
1044 916 1114 987 vita

157 1039 191 1094 et
216 1021 344 1120 vulgari
369 1021 549 1092 hominum'
576 1022 809 1094 cousuetudine
839 1046 900 1094 nec
922 1020 1113 1108 hebetem,

92 1150 144 1204 ¹249
156 1158 218 1206 nec
239 1134 365 1204 rudem.
393 1128 626 1203 cui'nostrum
647 1156 716 1204 non
737 1132 816 1203 licet
836 1128 959 1202 fundos
980 1127 1113 1201 nostros

157 1241 272 1329 obire,
292 1256 350 1311 -aut
375 1262 426 1310 res
462 1238 594 1312 rusticas
617 1240 673 1312 vel
694 1239 952 1327 fraumenta,
974 1239 1030 1310 vel
1051 1239 1112 1310 de-

150 1349 348 1434 ·leslationis‚
367 1346 535 1421 invisere?
557 1364 668 1418 tamen
690 1367 793 1418 nemo
814 1363 882 1416 tam
904 1345 970 1417 sure
992 1347 1111 1436 oculis,

150 1472 223 1530 tam
243 1458 311 1530 fine
330 1475 441 1530 mente
454 1457 554 1546 vivit,
577 1471 631 1544 ut,
653 1455 734 1552 quid
756 1454 794 1525 sit
806 1454 957 1526 sementis
969 1479 1009 1525 ac
1028 1454 1111 1526 mes
1137 1463 1140 1469 ’

151 1566 212 1654 (ιε,
234 1567 315 1665 quid
336 1567 493 1639 arborum
520 1565 647 1662 putatio
669 1589 713 1644 ,ac
734 1565 868 1653 vitium,
888 1589 957 1661 quo
978 1581 1112 1661 tempo·

153 1699 191 1750 re
217 1677 312 1769 anni,
335 1697 390 1752 aut
411 1701 481 1777 quo
504 1679 609 1750 modo
637 1701 675 1748 ea
698 1676 794 1765 fiant,
818 1678 960 1750 omnino
982 1677 1110 1751 nesciat.

152 1784 244 1856 Num
260 1785 376 1882 igitur,
390 1784 414 1854 sr
427 1785 481 1858 cui
502 1783 623 1856 fundus
644 1783 877 1878 inspiciendus,
899 1799 953 1854 aut
973 1782 1109 1856 saman·

149 1895 299 1967 dandum
334 1896 458 1993 aliquid
486 1894 696 1991 procuratori
731 1895 774 1966 de
809 1893 1023 1990 agricultura,
1046 1887 1111 1969 ‘aut

149 2007 383 2103 imperandum
414 2007 529 2079 villico
559 2006 616 2092 sit,
649 2007 803 2104 Magonis
832 2006 1109 2105 Carthaginiensis
1141 2078 1147 2091 ,

151 2114 224 2187 sunt
241 2117 316 2186 libri
334 2114 563 2213 perdiscendi?
578 2139 619 2185 an
633 2115 695 2185 hac
710 2113 881 2187 communi
894 2113 1108 2211 intelligentia

75 2315 78 2321 Δ
149 2226 296 2300 contenti
312 2224 376 2297 effe
391 2222 580 2320 possumus?
602 2223 764 2320 Cutergo
778 2247 848 2293 non
866 2221 967 2293 iidem
985 2223 1019 2295 in
1036 2223 1108 2294 iure

74 2348 85 2369 '
151 2336 264 2427 civili,
276 2335 477 2433 praesertim,
495 2333 616 2406 cumin
633 2327 745 2421 causis,
759 2332 841 2406 etin
860 2335 1106 2430 negotiis,etin

150 2445 231 2519 foro
241 2464 463 2536 conteramur,
475 2445 549 2518 satis
562 2443 706 2517 iustrusli
719 2444 784 2517 elle
798 2443 967 2571 possumus
982 2446 1025 2516 ad
1039 2447 1106 2520 hoc

150 2558 328 2645 duntaxat,
355 2583 443 2630 nem
464 2557 573 2630 nostra
598 2558 702 2655 patria
727 2557 894 2654 peregrini
916 2574 1015 2654 atque
1040 2560 1104 2630 ad

88 2691 136 2746 150
150 2688 256 2735 venae
279 2661 345 2734 elle
370 2665 573 2737 videamurl
599 2668 649 2737 Ac
670 2665 725 2734 sr
717 2690 783 2736 ram
806 2665 844 2736 sn
877 2665 970 2737 causa
996 2667 1106 2765 aliqua

149 2772 192 2844 ad
211 2795 272 2842 nos
303 2771 408 2842 delata
433 2767 617 2860 obscurior,
644 2771 787 2860 difficile,
812 2774 928 2862 cred0,
956 2774 1006 2866 stt,
1028 2803 1105 2850 cum

60 2890 63 2895 ’
141 2887 217 2961 ¹hoc
235 2865 394 2959 Scaevola
406 2884 668 2970 communicare3
690 2910 890 2982 quamquam
905 2888 965 2984 ipst
978 2893 1105 2982 omnia,
1122 2960 1129 2981 1.

148 3016 294 3091 quorum
320 2991 491 3089 negotium
517 2988 580 3078 est,
602 2991 747 3064 consulta
770 2994 812 3066 ad
839 3019 901 3068 nos
928 3014 962 3069 et
982 2998 1105 3096 ex'qui-

147 3104 204 3177 fita
228 3103 389 3177 deferunt
422 3104 477 3174 An
498 3125 583 3176 vero
606 3101 630 3173 s1
648 3104 691 3175 de
710 3129 746 3175 re
762 3105 842 3200 ipsa,
863 3101 948 3180 fide
969 3107 1103 3203 finibus,

147 3237 225 3282 cum
256 3213 292 3283 in
312 3235 383 3282 rem
414 3208 616 3304 praesentem
646 3235 716 3284 non
742 3214 961 3300 venimuS,s1
989 3216 1032 3290 de
1053 3237 1103 3293 ta-

144 3320 229 3392 bulis
251 3338 283 3391 et
305 3318 594 3416 perscriptionibus
620 3322 847 3396 controversa
873 3323 939 3415 est,
962 3347 1104 3403 contor-

132 3446 194 3501 tas
208 3454 259 3501 res
273 3447 304 3501 et
316 3429 410 3523 saepe
424 3427 570 3501 difficiles
582 3429 762 3503 necessario
775 3433 987 3528 perdiscimus
997 3437 1041 3509 :sr
1054 3440 1103 3513 le-

147 3566 203 3640 ges
224 3540 344 3628 nobis,
357 3538 448 3610 autsr
463 3539 637 3611 hominum
648 3542 832 3636 peritorum
850 3546 1003 3641 responsa
1015 3570 1101 3650 cog·

147 3652 310 3727 noscenda
318 3653 401 3736 sunt,
411 3676 587 3741 veremur,
596 3677 638 3723 ne
652 3678 702 3740 ea,
717 3655 741 3724 fi
755 3657 796 3727 ab
805 3659 1046 3736 adolescentia
1037 3664 1102 3738 ruri

144 3761 358 3840 civilimiuus
371 3753 605 3853 studuerimus,
614 3786 684 3837 non
699 3784 857 3861 queamus
869 3773 1149 3870 cognoscerer
