2302 4304
123 308 195 405 448
433 285 830 375 onntous‘

122 472 198 561 tiis,
222 462 302 542 nihil
323 464 365 539 de
385 463 522 553 officio,
548 461 632 534 nihil
649 461 690 534 de
704 458 840 551 dolore,
865 457 946 533 nihil
966 456 1007 533 de
1022 481 1076 532 vo·

122 581 265 678 luptate;
284 575 366 650 nihil
384 576 425 647 de
443 570 746 672 perturbationibus
766 569 892 659 animi,
908 587 942 642 et
965 572 1077 641 errori·
1111 668 1112 673 Ἰ

40 686 42 691 ’
122 689 204 781 bus,
225 711 309 789 quae
323 687 417 784 saepe
432 685 552 758 cadunt
568 685 604 755 in
616 681 743 772 causas,
763 681 821 754 sed
834 679 974 753 ieiunius
987 706 1078 778 agun-

124 819 202 886 tur;
231 797 329 887 nihil,
363 795 518 894 inquam,
543 793 610 866 srne
637 818 674 864 ea
697 789 832 865 scientia
844 843 857 894 ,
882 814 986 888 quam-
998 790 1079 882 dixi,

127 904 293 1003 graviter,
320 901 448 997 ample,
475 899 610 996 copiose
633 898 707 971 dici
728 915 762 971 et
785 897 950 992 explicari
971 897 1078 994 poresl

62 1033 109 1107 34
128 1019 184 1090 De
206 1011 341 1098 materia
357 1012 481 1109 loquor
494 1008 655 1082 orationis
674 1008 772 1081 etiam
791 1031 903 1095 nune,
932 1029 1003 1094 non
1015 1004 1079 1101 ipso

62 1157 108 1205 1¹9
127 1126 168 1201 de
196 1150 315 1227 genere
338 1123 479 1199 dicendi.
501 1122 584 1199 tolo
607 1123 696 1194 enirn
718 1120 810 1217 prius
832 1118 952 1190 lrabeat
974 1135 1079 1205 orator

127 1260 214 1326 rem,
239 1236 280 1308 de
296 1237 360 1332 qua
374 1234 478 1324 dicat,
505 1232 638 1330 dignam
654 1227 785 1324 auribus
804 1226 962 1316 eruditis,
989 1251 1079 1326 quarn

125 1346 269 1442 cogitet,
295 1342 415 1441 quibus
435 1341 547 1416 verbis
563 1340 708 1439 quidque
726 1336 829 1422 dicat,
859 1357 917 1407 aut
940 1358 1079 1432 quomo·

124 1452 181 1524 do.
200 1473 299 1550 quern
319 1449 438 1539 etiarn,
460 1473 529 1547 quo
550 1448 708 1547 grandior
728 1444 786 1534 sn,
807 1467 840 1517 et
859 1444 1077 1542 quodammo-

125 1561 173 1631 do
190 1557 366 1649 excelsior,
391 1558 444 1655 (ut
464 1559 504 1631 de
525 1557 650 1630 Pericle
677 1556 746 1628 dixi
767 1556 864 1652 supra
877 1556 921 1650 ,)
939 1582 982 1629 ne
996 1559 1077 1657 phy·

124 1668 268 1743 srconrm
297 1669 434 1768 quidem
455 1656 693 1764 effe'igna'rum
721 1666 815 1740 volo.
854 1666 983 1738 Omnia
1004 1692 1075 1764 pro·

126 1781 234 1874 tetro,
266 1800 343 1856 cum
362 1783 393 1855 se
417 1807 437 1855 a
459 1779 653 1854 coelestibus
673 1781 770 1852 rebus
800 1773 927 1851 reseret
958 1780 1000 1852 ad
1019 1766 1075 1852 hu·

125 1915 253 1978 manas,
292 1888 471 1975 excelsius,
507 1887 835 1988 magnificentiusque
859 1910 894 1961 et
916 1887 1025 1978 dicet,
1050 1906 1076 1960 et

78 2014 107 2066 2'0
124 2000 248 2074 sentiet.
273 2001 426 2098 Cumque
444 1999 499 2070 illa
517 1999 629 2072 divina
643 1995 868 2098 cognoverit,
893 1997 977 2070 nolo
991 1998 1076 2098 igno·
1110 2064 1112 2089 ,

123 2129 173 2184 ret
191 2134 231 2184 ne
261 2111 343 2184 haec
370 2109 504 2209 quidem
535 2109 687 2183 humana.
741 2111 795 2182 Ius
828 2107 931 2180 civile
959 2125 1074 2200 teneat,

123 2247 193 2320 quo
213 2238 310 2322 egent
334 2219 444 2294 causae
468 2219 610 2292 forenses
633 2220 792 2318 quotidie.
816 2220 901 2317 quid
925 2220 983 2292 esl.
997 2224 1074 2294 enim

121 2334 265 2429 nrrpius,
291 2356 388 2430 quarn
408 2328 627 2428 legitimarum
649 2347 682 2403 et
707 2330 858 2404 civilium
881 2349 1074 2406 controver-

120 2440 240 2513 siarum
259 2441 443 2539 patrocinia
459 2441 641 2538 suscipere,
667 2467 745 2514 cum
763 2441 803 2514 srs
816 2441 929 2539 legum
953 2461 987 2516 et
1000 2444 1074 2516 civi·

119 2547 159 2622 lis
180 2550 259 2622 iuris
279 2550 430 2648 ignarus?
457 2551 650 2649 Cognoscat
670 2551 767 2624 etiarn
787 2576 900 2622 rerum
919 2551 1072 2649 gestarum

119 2680 154 2733 et
176 2662 354 2733 memoriae
372 2661 494 2734 veteris
518 2662 690 2752 ordinem,
712 2661 856 2734 maxime
877 2662 1071 2749 scilicetno·

118 2766 202 2840 llrae
228 2766 392 2853 civitatis3
423 2769 478 2842 sed
507 2789 541 2842 et
572 2771 825 2869 imperiosonrm
853 2772 1071 2868 populorum,

118 2896 153 2977 et
173 2900 286 2975 regum
313 2876 505 2950 illustrium:
542 2906 642 2978 quem
677 2883 824 2955 laborem
852 2884 956 2957 nobis
978 2883 1069 2958 Attici

119 2987 223 3061 nostri
242 2987 366 3062 levavit
378 2989 487 3075 labor3
511 2993 569 3087 qui
583 2993 782 3070 conservatis
793 2996 988 3097 notatisque
996 3017 1069 3071 ten·

117 3095 274 3190 poribus,
303 3096 384 3171 nihil
413 3125 489 3173 cum
506 3099 624 3172 illustre
643 3105 942 3199 praetermitteret,
973 3130 1068 3182 anno·

117 3229 194 3278 rum
216 3209 496 3310 septingentorum
515 3215 712 3303 memoriam
735 3242 803 3289 uno
824 3217 914 3291 libro
940 3221 1017 3293 colli
1038 3243 1067 3290 a·

118 3311 178 3385 vit.
216 3316 351 3390 Nescire
373 3337 503 3411 autem,
529 3321 609 3419 quid
637 3342 751 3412 antea,
781 3347 886 3420 quam
904 3343 1004 3400 natus
1018 3240 1068 3409 is,

117 3422 292 3513 acciderit,
319 3428 353 3499 id
372 3430 418 3502 eli
437 3431 564 3532 semper
583 3432 647 3506 esse
667 3456 816 3529 puerum
866 3436 965 3529 Quid
990 3436 1066 3510 enin

115 3530 163 3602 est
187 3551 273 3606 aetas
292 3534 456 3627 hominis,
487 3542 546 3634 nisi
567 3544 728 3616 memoria
749 3568 869 3637 rerum¹
888 3545 1065 3619 nostrarum

115 3665 192 3734 cum
214 3644 419 3743 superiorum
441 3668 544 3726 aetate
563 3653 786 3728 contexitur?
812 3656 1065 3730 Commemora·

114 3754 164 3826 rio
197 3778 308 3832 autem
342 3762 569 3862 antiquitatis,
603 3768 904 3866 exemplorumque
930 3767 1064 3867 prolatio
