2302 4304
456 57 461 88 Ι

345 290 698 387 nisenus.
834 303 838 310 ·
923 306 989 407 285

81 484 147 552 Po
175 437 255 547 idem
274 496 391 565 tempus
413 475 609 565 Polydorum
633 472 762 544 Hecuba
775 491 870 595 partu
879 472 996 572 postu

638 607 689 650 mo
701 582 840 672 parit.

43 703 165 773 Dmnes
176 662 356 767 autemhos
377 707 486 763 motus
500 688 648 788 subsequi
661 690 761 764 debet
777 687 901 799 getius,
926 715 997 763 non
1015 706 1059 784 59
1089 681 1095 687 ⁴

43 808 91 878 nic
111 803 216 877 verba
226 822 429 894 exptrmens‚
452 797 625 886 scenicus,
651 795 706 870 sed
720 792 907 872 universam
928 825 998 870 rem
1012 821 1060 858 22·

43 906 297 993 etseotentiam,
329 928 404 975 non.
428 851 708 978 demonstraiione
722 947 743 993 ,·
759 902 816 976 sed
841 904 1016 1004 fignifica-⁴

43 1021 132 1094 tione
168 1014 356 1102 declarans,
401 1013 536 1085 laterum
567 1012 746 1087 inflexione
775 1012 838 1085 hac
858 1013 941 1090 forti
963 1042 1002 1090 ac

42 1128 157 1217 virili,
184 1150 254 1199 non
271 1125 312 1195 ab
325 1124 419 1196 scena
432 1142 465 1196 et
476 1123 713 1214 histrionihuS,
740 1123 795 1197 sed
813 1124 856 1196 ab
883 1127 1002 1218 umis,

43 1260 96 1315 aut
116 1239 215 1311 etiam
235 1233 451 1330 apalaestra.‚
486 1237 618 1318 ,Manus
638 1230 750 1308 autem
770 1234 880 1308 minus
903 1261 1002 1333 argu·

43 1362 98 1429 ta,
128 1343 236 1440 digitis
255 1340 448 1437 subsequens
459 1342 584 1432 verba,
606 1368 675 1414 non
690 1342 900 1440 exprimens:
922 1347 1001 1419 bra-

43 1455 151 1530 chium
173 1454 344 1550 procerius
364 1451 571 1548 proiectum,
598 1452 687 1551 quast
705 1456 876 1551 quoddam
899 1457 1002 1532 telum
1077 1472 1088 1487 ‘

43 1570 201 1644 orationis
219 1595 227 1641 :
252 1565 416 1664 supplosio
442 1565 533 1662 pedis
549 1565 585 1638 in
603 1567 872 1640 contentionibus
888 1572 1002 1642 autin-

43 1685 230 1782 cipiendiS,
262 1698 317 1753 aut
344 1678 505 1752 finiendis.
554 1679 644 1750 Sed
635 1705 671 1750 m
693 1703 752 1775 ore
778 1679 852 1752 sunt
878 1683 1004 1755 omnia.

43 1797 81 1865 ln
104 1818 152 1864 eo
181 1807 288 1863 autem
303 1788 375 1890 ipso
394 1788 581 1865 dominatus
601 1786 647 1858 est
673 1788 782 1860 omnis
801 1790 1001 1865 oculorium:
992 1808 1061 1852 vm

43 1928 113 2002 quo
133 1903 250 1975 melius
268 1897 369 1970 nostri
394 1898 439 1970 illi
466 1898 581 1986 sencs',
614 1886 675 1995 qiu
664 1897 930 1994 ',personatum
961 1925 1003 1973 ne

43 2010 202 2085 Roscium
224 2007 383 2105 quidem,
418 2029 620 2135 magnopere
641 2005 827 2080 laudabant.
889 2010 1003 2082 Animi

43 2125 87 2197 est
110 2122 200 2196 enim
222 2120 337 2222 omnis*
353 2120 462 2209 adio,
492 2138 525 2191 et
553 2121 665 2216 imago
685 2119 787 2191 animi
807 2119 919 2195 vultus
934 2121 1004 2213 est,

42 2232 167 2304 indices
191 2227 288 2301 oculi.
315 2252 390 2298 nam
403 2228 484 2301 haec
498 2227 621 2300 estvuna
633 2246 708 2323 pars
721 2232 891 2324 corporis,
907 2255 1005 2327 quae,
1095 2251 1097 2255 ’

43 2360 129 2441 quot
146 2341 247 2414 animi
271 2363 381 2412 motus
398 2337 492 2426 sunt,
521 2357 574 2411 tot
587 2337 837 2455 significationes
855 2361 889 2414 et
910 2367 1005 2414 cotn-

43 2452 240 2523 mutationes
261 2447 359 2545 poffit
380 2447 519 2518 efficere.
541 2470 648 2543 neque
661 2470 746 2518 vero
737 2442 806 2517 est
819 2446 1004 2571 quisquam,

43 2591 102 2662 qm
91 2562 231 2633 eadem
260 2578 444 2646 contuens,
478 2557 607 2628 efficiat.
652 2553 899 2667 Theophrastus
928 2556 1004 2655 qui-

44 2677 144 2763 dem,
166 2673 360 2758 Tauriscum
385 2668 570 2766 quendam,
597 2660 704 2756 dixit,
737 2671 882 2742 adorem
905 2695 1002 2744 aver-

45 2785 117 2856 sum
131 2781 263 2854 solitum
275 2779 338 2850 effe
352 2779 500 2863 dicere,
496 2774 553 2873 qui
564 2775 600 2845 in
604 2776 753 2871 agendo,
770 2796 930 2850 contuens
943 2777 1002 2849 ali·

47 2896 142 2993 quid,
162 2892 399 2993 pronuntiaret.
423 2891 534 2980 Quare
549 2887 724 2960 oculorum
739 2888 785 2960 est
794 2916 912 2996 magna
925 2914 1002 2962 mo-
1019 2905 1066 2943 222

48 3008 273 3079 dotationem
289 3004 356 3076 oris
366 3025 436 3072 non
447 3000 492 3071 est
502 3001 640 3073 nimium
652 3003 807 3073 mutanda
821 3001 952 3097 species,
961 3024 1003 3072 ne

48 3135 102 3188 aut
126 3117 168 3186 ad
192 3113 349 3208 ineptias,
376 3112 488 3183 autad
515 3110 711 3206 pravitatem
727 3203 732 3211 .
746 3109 887 3203 aliquam
912 3108 1001 3180 defe-
1056 3148 1059 3155 ·

47 3253 169 3301 ramur.
243 3227 344 3299 Oculi
383 3227 481 3314 sunt,
524 3249 669 3322 quorum
699 3238 770 3292 tum
797 3221 998 3313 intentione,

50 3356 118 3407 tum
151 3333 361 3422 remiffione,
391 3350 461 3427 tum
498 3332 679 3418 coniedu,
705 3347 778 3400 tum
822 3328 1004 3420 hilaritate,

50 3465 160 3516 motus
206 3445 392 3514 animorum
431 3439 647 3540 significemus
678 3463 752 3535 apte
797 3467 873 3513 cum
906 3466 1003 3540 gene-

50 3576 83 3623 re
103 3551 176 3648 ipso
192 3551 363 3622 orationis
389 3549 434 3622 est
464 3553 552 3620 enim
580 3551 665 3620 adio
689 3549 777 3647 quast
791 3551 898 3623 sermo
926 3573 1003 3621 cot-

52 3660 168 3754 poris:
202 3683 270 3756 quo
286 3658 388 3756 magis
410 3658 514 3727 menti
531 3681 715 3754 congruens
725 3659 791 3730 effe
813 3658 923 3729 debet·
953 3659 1004 3727 O·
1104 3668 1105 3673 ’

54 3771 143 3844 culos
166 3787 278 3841 autent
301 3786 414 3841 namra
436 3768 559 3857 nobis,
581 3789 617 3843 ut
630 3792 719 3866 equo
743 3786 777 3841 et
793 3765 882 3840 leoni
904 3766 1004 3860 setas,
