2304 4304
414 285 644 359 LIBER
691 288 716 359 Ι.
756 334 770 420 -x
900 226 907 236 ι
1005 310 1049 386 45

53 470 142 534 aero,
166 473 306 546 quam
338 445 629 536 existimaturum,
665 466 756 537 tum,
782 471 857 520 cum
881 470 920 520 ea
939 447 1053 520 audire

58 558 207 656 cupiebas
226 613 244 647 ‚
281 556 452 646 causam,
475 549 534 630 cur
555 582 713 654 cuperes,
739 580 809 628 non
837 555 963 631 fuisse·
989 558 1053 630 Ni·

42 668 206 740 'hilenim
225 669 360 742 dicam
372 667 593 754 reconditum,
608 667 690 739 nihil
699 666 936 764 exspectatione
944 668 1054 745 vestra
1138 744 1142 753 ,

69 777 194 874 dignum
215 829 233 866 ,
271 774 364 846 nihil
386 794 443 848 aut
465 774 648 849 inauditum
661 775 787 862 vobis,
822 799 880 849 aut
899 778 1052 876 cuiquam

75 885 202 957 novum.
267 885 365 972 Nam
380 881 547 980 principio
568 881 673 973 illud,
713 884 807 980 quod
837 882 885 955 est
917 884 1052 959 homine

77 991 236 1091 ingenuo,
253 992 509 1090 liberaliterque
529 991 669 1069 educato
683 991 846 1090 dignum,
875 1018 945 1065 non
958 1019 1054 1092 nega·

80 1103 124 1194 bo,
139 1130 198 1176 me
214 1102 290 1176 ista
309 1103 463 1176 omnium
472 1102 708 1185 commrmiaet
721 1103 863 1177 contrita
877 1122 1053 1202 praecepta

85 1211 255 1285 didiciffe:
291 1210 438 1308 primunr
461 1212 603 1285 oratoris
637 1212 785 1287 officium
818 1215 910 1307 esse,
943 1215 1053 1290 dicere
1073 1238 1118 1306 ηε

86 1323 118 1393 ad
126 1324 403 1420 persuadendum
420 1323 691 1415 accommodate:
736 1327 876 1420 deinde,
898 1328 1055 1425 effeomff

90 1456 157 1504 nem
173 1431 378 1504 orationem
392 1451 448 1506 aut
468 1432 508 1508 de
522 1430 669 1506 infinitae
681 1433 732 1511 rei
749 1432 962 1532 quaestione,
985 1434 1052 1511 sine

90 1540 315 1640 dedignatione
331 1538 545 1637 personarum
566 1559 599 1614 et
623 1560 837 1640 temporum3
878 1563 934 1618 aut
956 1546 997 1618 de
1013 1574 1051 1622 re

89 1653 182 1726 certis
204 1653 243 1725 in
260 1651 419 1749 personis
441 1679 479 1754 ac
504 1655 709 1751 temporibus
730 1657 847 1732 locata.
899 1662 937 1732 In
958 1679 1049 1735 utra-
1071 1686 1116 1741 13,

90 1773 150 1860 que
178 1760 292 1837 alitem
320 1787 357 1834 re
383 1761 544 1862 quidquid
568 1764 604 1836 in
630 1766 893 1851 controversiam
916 1769 1051 1862 veniat,

90 1869 192 1946 ineo
216 1873 333 1975 quaeri
361 1871 491 1964 solere,
529 1895 585 1955 aut
608 1871 773 1967 sauunne
809 1875 873 1968 fit,
908 1898 986 1969 aut,
1025 1879 1050 1953 fi

67 1980 133 2065 ‚est
161 1980 314 2072 sadum,
362 1983 458 2080 quale
483 1979 547 2074 sit,
587 2004 642 2056 aut
678 1982 778 2057 etiarn
809 2010 879 2084 quo
911 1989 1050 2060 nomine

90 2113 257 2181 vocetur,
279 2116 360 2181 aur,
383 2095 475 2193 quod
492 2096 640 2174 nonnulli
654 2097 803 2190 addunt,
832 2100 962 2172 redlene
975 2098 1049 2172 fac·

88 2224 160 2280 tum
184 2209 250 2282 effe
270 2208 434 2284 videatur.
495 2208 641 2284 Existere
673 2233 782 2299 autem
805 2210 1049 2285 controversias
1069 2238 1115 2289 14·

87 2317 208 2408 etiarn,
240 2342 283 2389 ex
305 2316 419 2416 scripti
439 2318 732 2417 interpretatione,
768 2322 806 2392 in¹
821 2345 890 2419 quo
904 2338 961 2391 aut
979 2346 1050 2392 am-

88 2426 188 2525 bigue
210 2429 291 2526 quid
306 2428 345 2502 lit
365 2428 545 2526 scriptum,
580 2448 636 2503 aut
658 2428 852 2516 contrarie,
891 2444 947 2503 aut
977 2424 1049 2515 ita,

89 2556 126 2611 ut
147 2565 168 2611 a
185 2539 343 2614 sententia
366 2540 521 2638 scriptum
546 2539 717 2621 diffideat;
745 2534 796 2607 his
814 2555 922 2607 autem
936 2532 1047 2605 omni·

89 2652 150 2725 bus
172 2653 320 2750 partibus
339 2654 481 2727 subiedla
493 2652 654 2752 quaedam
667 2647 732 2719 esse
754 2645 945 2744 argumenta
962 2670 1045 2742 pro·
1082 2736 1085 2740 ‚

88 2766 173 2862 pria.
210 2767 293 2839 -Sed
306 2766 495 2852 causarum,
528 2789 612 2862 quae
633 2760 695 2833 srnt
713 2786 732 2832 a
754 2759 926 2832 communi
942 2774 1045 2856 quae-
1065 2779 1109 2829 ¹4¹

88 2872 196 2949 stione
219 2875 407 2966 seiundlae,
428 2873 549 2971 partim
563 2872 599 2944 in
616 2868 746 2947 iudiciis
760 2865 884 2943 versari
894 2865 1044 2963 ,partim

88 2989 125 3060 in
139 2989 448 3062 deliberationibus:
463 2986 526 3060 effe
536 2986 634 3059 etiam
654 3008 755 3082 genus
767 2981 900 3056 tertium
916 3033 927 3070 ,
952 2979 1045 3077 quod

88 3101 125 3174 in
139 3103 317 3192 laudandis,
328 3125 384 3175 aut
403 3099 628 3198 vituperandis
642 3096 832 3180 hominibus
845 3088 1044 3191 poneretur:

88 3233 264 3308 certosque
289 3210 355 3282 effe
377 3209 495 3299 locos,
522 3206 639 3305 quibus
657 3205 705 3274 in
723 3199 851 3275 iudiciis
864 3221 1044 3293 uteremur,

86 3316 123 3391 in
149 3320 267 3417 quibus
280 3318 425 3417 aequitas
439 3337 649 3416 quaereretur
659 3340 667 3384 :
678 3388 679 3391 ,
690 3312 771 3384 alios
785 3312 824 3412 in
833 3306 1043 3401 deliberatio·

87 3424 206 3517 nibus,
228 3426 286 3524 qui
299 3450 416 3499 omnes
434 3427 475 3498 ad
493 3424 666 3498 utilitatem
677 3421 895 3520 dirigerentur
913 3414 1043 3514 eorum

86 3536 206 3634 quibus
220 3524 392 3610 confilium
408 3538 582 3609 daremus:
604 3535 684 3608 alios
699 3536 779 3607 item
801 3533 835 3605 in
847 3533 1044 3608 laudationi-

58 3682 61 3686 >
85 3639 171 3733 bus,
197 3643 235 3716 in
247 3645 367 3742 quibus
380 3645 421 3716 ad
430 3645 641 3741 personarum
657 3647 847 3745 dignitatem
861 3646 974 3718 omnia
987 3671 1043 3715 re-

62 3786 64 3791 ·
84 3748 263 3831 ferrentur.
293 3757 465 3870 'Cumque
479 3758 558 3835 effer
570 3762 679 3838 omnis
691 3754 835 3838 oratoris
857 3760 909 3840 vis
935 3781 972 3832 ac
991 3755 1045 3846 faa
