2302 4304
310 285 765 393 'uuuTun‚
957 313 1024 409 ur

50 494 116 555 tor
145 471 214 548 elle
237 495 308 545 non
334 471 490 570 pollet):
517 472 571 543 sed
596 488 706 543 tamen
731 468 809 547 alius
826 468 861 543 in
883 471 943 554 alia
965 465 1099 563 etr-213⁹

53 585 204 659 cellebat
231 582 360 681 magis;
383 582 588 679 reperiebat,
615 580 696 680 quid
718 578 785 662 dici
815 604 901 682 opus
925 582 1028 673 esset,

56 709 91 763 et
112 684 294 789 quomodo
320 690 525 795 praeparari,
549 708 583 762 et
607 688 782 789 quoloco
801 683 919 761 locari.
954 715 1027 763 me·

58 800 238 896 moriaque
258 799 617 897 eacomprehendebat
636 799 801 890 Antonius
819 824 831 885 ς
853 798 1031 873 excellebat

53 926 174 982 autem
187 911 335 997 allione3
349 929 505 1009 erantque
518 911 550 983 ei
560 904 720 1008 quaedam
731 934 772 996 ex
786 910 837 986 his
848 909 939 1007 paria
952 934 1029 982 cum

61 1023 209 1110 Crasso,
236 1027 396 1124 quaedam
416 1026 523 1105 etiam
545 1025 732 1123 superiora:
751 1042 785 1099 at
798 1025 904 1098 Craffi
928 1025 1030 1124 magis

49 1135 209 1210 «enitebat
237 1137 355 1210 oratio.
404 1164 466 1211 nec
489 1161 574 1210 vero
601 1136 772 1234 Sulpicio,
804 1162 913 1234 neque
940 1135 1029 1229 Cot-

63 1265 114 1316 tae
141 1245 253 1318 dicere
270 1248 462 1345 possumus,
483 1271 589 1346 neque
611 1248 764 1348 cuiquam
782 1250 876 1321 bono
902 1247 1030 1321 oratori
1073 1244 1078 1251 ’

63 1384 135 1432 rem
160 1359 260 1434 ullam
279 1387 320 1434 ex
340 1360 403 1437 illis
415 1357 724 1461 quinque-partibus
736 1363 832 1462 plane
845 1384 944 1463 arque
957 1387 1029 1435 om·

63 1471 146 1545 nino
163 1471 310 1553 demisse,
358 1476 469 1571 Itaqte
494 1476 530 1546 in
555 1475 705 1549 Curione
723 1478 790 1549 hoc
803 1475 1029 1551 verillrmeiu-
1042 1503 1090 1554 216

62 1584 167 1659 dicari
189 1585 325 1682 potest,
349 1586 435 1659 nulla
457 1610 493 1660 re
514 1613 580 1672 una
604 1588 708 1686 magis
735 1606 906 1661 oratorem
927 1612 1027 1660 com·

62 1696 240 1785 mendari,
261 1717 360 1795 quam
388 1697 571 1776 uerborum
589 1698 764 1796 splendore
778 1715 811 1770 et
823 1696 932 1796 copia.
952 1712 1028 1769 nam

62 1834 141 1883 cum
156 1812 266 1884 tardus
275 1813 310 1886 in
320 1812 517 1912 cogitando,
531 1834 601 1894 tum
616 1812 852 1886 ininstruendo
864 1809 1030 1908 diffipatus
1104 1852 1107 1860 ·

62 1921 138 1997 suin
189 1924 329 2023 Reliqua
359 1925 427 1998 duo
451 1924 547 2022 sunt,
574 1930 688 2026 agere,
713 1945 747 2000 et
767 1922 971 1997 meminiffa
994 1921 1029 1993 in
1043 1931 1092 2006 60
1125 1925 1126 1932 ’

63 2046 207 2128 utroque
221 2031 399 2112 cachinnos
413 2030 620 2108 irridentium
631 2031 878 2105 commovebat.
911 2031 1027 2104 Motus
1056 2033 1059 2038 “

62 2161 135 2226 erat
150 2144 195 2232 is,
225 2171 325 2243 quem
348 2161 381 2216 et
407 2143 567 2217 C.·lulius
593 2144 629 2214 in
651 2149 846 2238 perpetuum
875 2140 1028 2230 notavit,
1077 2159 1094 2184 ·'

63 2272 204 2327 cum'ex
223 2278 282 2344 eo,
305 2253 340 2326 in
366 2272 540 2353 utramque
556 2277 686 2350 partem
705 2270 780 2325 toro
800 2276 945 2347 corpore
970 2277 1029 2326 va·

62 2363 215 2452 cillante,
239 2354 436 2463 quaesivit,⁴
447 2367 516 2457 quis
548 2360 716 2457 loqueretur
738 2391 753 2432 ι
780 2365 897 2432 lintre:
918 2360 1029 2438 etCn.

63 2475 225 2564 Sicinius,
247 2475 354 2567 homo
372 2473 538 2570 impurus,
568 2471 624 2546 sed
645 2471 825 2554 admodum
850 2464 1029 2558 ridemus,

63 2608 173 2681 neque
199 2584 286 2656 aliud
311 2585 346 2656 ln
380 2608 423 2685 eo
456 2583 600 2656 oratoris
621 2581 723 2658 srmile
763 2580 954 2679 quidquam.
1002 2582 1090 2672 is217

63 2723 142 2770 cum
169 2697 319 2775 tribunus
341 2690 649 2793 plebii'Curionem
672 2713 705 2768 et
722 2695 904 2769 Odavium
917 2693 1030 2768 consu·
1055 2766 1058 2780 ,

62 2811 108 2883 les
126 2809 350 2908 produxisset,
363 2809 534 2909 Curioque
547 2808 647 2880 multa
662 2806 806 2897 dixisset,
825 2805 955 2878 sedente
964 2805 1028 2879 Cn.

62 2921 211 2995 Ollavio
237 2921 389 3018 collega,
403 2919 461 3017 qui
477 2917 649 2992 devindus
670 2936 740 2991 erat
752 2917 874 3006 fasciis,
901 2934 933 2989 et
945 2915 1028 2986 mul-
1049 2949 1051 2953 ¹

62 3032 103 3103 tis
125 3029 392 3120 medicamentis,
422 3038 559 3127 propter
586 3029 737 3101 dolorem
758 3046 912 3110 artuum,
949 3024 1027 3096 deli·

62 3136 188 3227 butus,
229 3141 438 3233 Nunquam,
477 3138 610 3236 inquit,
651 3139 785 3223 Oc‘lavi,
826 3141 954 3230 collegae
972 3157 1026 3203 tuo

59 3238 200 3341 gratiam
223 3249 330 3339 referes
345 3274 358 3341 7·
383 3247 564 3344 quinistse
576 3248 639 3338 fito
657 3274 739 3317 more
754 3242 955 3344 'iaflauiffet,
978 3246 1027 3315 lto·

62 3356 114 3422 die
141 3376 168 3422 re
181 3357 247 3454 istic
269 3357 390 3451 muscae
410 3353 613 3452 conudiffent.
663 3353 828 3424 Memoria
850 3368 963 3441 autem·
979 3352 1026 3422 ita
1082 3364 1085 3375 '

61 3463 128 3537 suit
147 3449 233 3537 nulla
243 3519 255 3556 ,
267 3483 305 3538 ut
320 3468 517 3564 aliquoties,
542 3468 604 3539 tria
619 3494 694 3540 cum
707 3467 951 3565 proposuisset,
970 3480 1026 3535 aut
1120 3558 1123 3567 Ι

60 3597 218 3675 quartum
238 3579 391 3669 adderet,
409 3568 471 3653 ¹aut
491 3579 625 3650 tertium
649 3598 827 3676 quaereret.
851 3578 907 3674 qui
927 3573 1024 3645 iniu-

59 3687 155 3759 dicio
169 3689 303 3788 privato
329 3692 384 3763 vel
404 3690 580 3775 maximo,
616 3713 693 3760 cum
723 3716 788 3789 ego
814 3713 878 3784 pro
900 3683 1024 3756 Titinia

56 3801 185 3898 Cottae
199 3802 468 3901 peroravissem,
491 3801 544 3885 ille
568 3817 686 3878 'contra
707 3828 761 3876 me
771 3825 839 3898 pro
854 3799 1023 3871 Ser.'Nae·
1044 3808 1046 3810 ’

1059 4109 1081 4143 N
