2302 4304
359 284 696 417 'rr-nurus.
810 374 813 380 -
949 362 1013 437 32³

55 496 131 589 nis,
156 515 190 571 et
211 484 300 570 idem
319 498 426 570 stilus:
452 524 515 570 nec
530 500 570 570 de
592 498 701 568 Persio
719 493 896 570 reticuisset
913 502 1017 575 Grac*

14 668 16 672 .
57 609 162 695 chus;
188 635 265 681 cum
285 631 319 681 et
342 612 482 684 Fannius
499 613 540 684 de
557 608 720 706 ‘Menelao
745 610 960 701 Maratheno,
985 632 1019 686 et

57 723 101 793 de
121 723 239 794 ceteris
249 722 467 822 obiecisset,)
488 723 676 821 praesertim
696 746 773 795 cum
785 722 924 794 Fannius
937 750 1019 797 nun-

58 855 163 928 quam
184 831 223 903 srt
242 831 371 903 habitus
394 832 543 928 elinguis.
559 858 646 905 ,nam
664 853 697 904 et
719 830 828 904 causas
839 831 1021 906 defensita-

57 943 132 1032 vit,
164 959 198 1014 et
224 943 406 1016 tribunatus
424 944 514 1034 eius,
554 944 693 1015 arbitrio
713 965 746 1016 et
770 943 964 1016 auctoritate
986 949 1021 1018 P.

57 1046 210 1120 Africani
239 1048 367 1146 gestus,
406 1065 476 1121 non
502 1051 659 1125 obscurus
681 1051 752 1124 suit.
800 1052 893 1125 Alter
912 1072 1022 1126 autem
1043 1076 1087 1116 ιω

59 1163 101 1232 C.
120 1161 278 1250 Fannius,
316 1161 489 1252 utilius,
523 1165 564 1237 C.
589 1165 689 1236 Laelii
715 1149 817 1262 gener
824 1219 835 1255 ,
860 1183 893 1236 et
913 1164 1044 1238 mori-'
1098 1146 1101 1161 ¹

59 1271 138 1359 bus,
165 1288 197 1342 et
218 1271 290 1367 ipso
315 1296 434 1369 genere
453 1271 585 1344 dicendi
617 1274 743 1345 durior.
792 1274 822 1345 Is
843 1273 948 1347 soceri
968 1278 1023 1348 in·
1051 1316 1053 1320 >

60 1379 193 1471 stituto,
221 1379 359 1479 (quern,
384 1383 461 1481 quia
483 1402 658 1480 cooptatus
674 1384 709 1455 in
731 1371 893 1482 augurum
915 1386 1023 1459 colle-

19 1496 20 1500 ’
60 1492 155 1590 gium
175 1515 245 1563 non
266 1510 356 1582 erat,
382 1519 450 1565 non
469 1495 652 1567 admodum
674 1494 857 1591 diligebat,
877 1497 1023 1592 praeser-

58 1603 123 1675 tim
146 1625 224 1675 cum
243 1603 298 1674 ille
319 1600 366 1695 Q,
385 1606 577 1677 Scaevolam
595 1603 654 1675 fibi
677 1603 844 1675 minorem
866 1626 1023 1702 nauthge-

61 1739 183 1784 nerum
193 1711 410 1809 praetulisset:
436 1711 491 1784 cui
511 1735 621 1785 tamen
642 1712 768 1784 Laelius
793 1710 826 1782 'se
846 1712 1023 1804 excusam,

59 1849 135 1895 non
158 1843 282 1921 genero
302 1822 427 1894 minori
444 1824 528 1896 dixit
549 1824 581 1895 se
601 1822 696 1912 illud,
722 1822 777 1894 sed
796 1822 918 1893 maiori
937 1822 1023 1896 filiae

60 1933 261 2034 detulisse:)
293 1936 320 2008 is
342 1954 479 2024 tamen,
504 1936 651 2010 instituto
681 1939 808 2026 Laelii,
834 1938 1023 2012 Panaetium
1057 1943 1065 1961 ⁶

59 2047 243 2119 audiverat.
276 2046 352 2118 Eius
373 2048 481 2122 omnis
493 2048 529 2120 in
543 2048 685 2120 dicendo
703 2046 840 2122 facultas
854 2076 896 2121 ex
920 2040 1042 2120 hist0-'

60 2156 113 2228 ria
141 2147 241 2252 ipsius
263 2181 333 2228 non
355 2157 554 2256 ineleganter
582 2160 702 2255 scripta
728 2160 869 2256 perspici
894 2159 1023 2254 potest3

61 2294 149 2365 quae
176 2293 283 2366 neque
314 2269 410 2342 nimis
440 2269 487 2340 est
514 2269 642 2355 infans,
681 2295 788 2367 neque
809 2267 955 2364 perfecte
974 2269 1024 2340 di-

61 2376 166 2452 serta·
206 2377 338 2451 Mucius
371 2398 480 2451 autem
510 2403 639 2476 augur,
681 2377 774 2473 quod
793 2401 856 2473 pro
876 2376 909 2447 se
941 2403 1025 2473 opus
1046 2405 1090 2465 ως,

23 2535 26 2545 ·
62 2508 167 2574 erat,
181 2477 248 2586 ipse
273 2489 418 2577 dicebat,
444 2508 480 2559 ut
498 2487 539 2559 de
560 2487 709 2583 pecuniis
735 2485 925 2583 repetundis
942 2511 1026 2559 con·

64 2622 116 2673 tra
137 2603 181 2673 T.
197 2590 386 2673 Albucium.
404 2598 431 2671 is
452 2614 626 2669 oratorum
647 2597 682 2668 in
704 2619 845 2670 numero
860 2624 935 2670 non
948 2598 1026 2686 fuit;
1124 2623 1126 2626 ’

65 2707 146 2781 iuris
170 2705 277 2796 civilis
303 2705 545 2809 intelligentia,
580 2724 678 2803 atque
706 2705 800 2778 omni
835 2707 1027 2808 prudentiae

65 2842 187 2917 genere
201 2812 378 2912 praestitit„
448 2819 484 2888 L.
509 2815 645 2887 Coelius
664 2814 858 2912 Antipater,
887 2819 1027 2916 scriptor

43 2922 368 3024 (quemadmodum
385 2919 524 3020 videtis)
549 2921 632 3010 fuit,
658 2941 694 2995 ut
720 2927 927 3022 temporibus
947 2928 1028 3017 illis,

65 3034 273 3122 luculentus,
298 3032 378 3105 iuris
404 3024 501 3109 v'alde
522 3034 668 3130 peritus,
697 3036 880 3110 multonnn
903 3037 1038 3127 etiam,

67 3165 104 3220 ut
122 3149 159 3219 L.
172 3145 302 3248 Crassi,
321 3139 484 3243 magister.
598 3162 600 3167 ’
634 3234 636 3240 k
730 3205 733 3212 .

116 3253 256 3326 Utinam
273 3254 308 3325 in
333 3253 388 3345 Ti.
414 3253 590 3341 Graccho,
603 3244 754 3353 Gaioque
777 3255 933 3330 Carbone
957 3257 1028 3334 talis
1047 3271 1092 3343 27
1104 3250 1105 3254 ¹

67 3387 163 3435 mens
181 3359 223 3433 ad
234 3361 473 3458 rempublicam
488 3363 572 3437 bene
593 3365 770 3462 gerendam
791 3365 918 3456 fuisset,
935 3369 1028 3465 quale
1049 3382 1092 3435 ¹03

67 3468 243 3566 ingenium
255 3469 296 3540 ad
308 3469 392 3545 bene
405 3464 579 3542 dicdndum
599 3470 680 3542 fuit!
693 3472 845 3567 profesto
859 3501 958 3546 nenio
979 3475 1030 3546 his

69 3580 154 3653 viris
178 3578 285 3676 gloria
308 3577 521 3674 praestitisset.
546 3578 609 3649 Sed
637 3604 757 3653 eorum
788 3583 868 3656 alter
893 3605 1031 3678 propter

71 3686 387 3760 turbulentissimum
411 3687 633 3784 tribunatum,
653 3690 693 3759 ad
713 3702 813 3787 quem
844 3715 886 3760 ex
906 3689 1032 3764 invidia
1104 3696 1127 3730 '³

73 3794 224 3870 foederis
256 3795 451 3876 Numantini
479 3795 577 3886 bonis
612 3796 714 3876 iratus
743 3797 948 3933 accesserat,
990 3801 1040 3875 ab,

813 3932 849 3969 A
869 3922 893 3972 2
