2302 4304
25 280 28 285 ’
131 343 204 414 440
360 268 776 391 ‘oraton

129 479 265 578 fiopus
277 479 345 572 est
363 479 418 553 vel
443 477 534 578 quod
548 479 704 570 deledlat,
724 477 780 551 vel
792 476 889 576 quod
901 477 1004 554 decet
1025 480 1081 551 lan
1122 418 1125 571 4

131 617 208 668 cum
232 591 398 664 fluxerunt
416 590 524 691 plures
545 589 724 660 continuae
745 585 998 674 transsationes,
1032 574 1125 656 alia*

133 698 230 797 plane
250 696 288 770 fit
306 699 423 797 oratio.
450 700 562 794 Itaque
588 720 688 795 genus
705 676 772 769 hoc
798 692 923 766 Graeci
936 639 1085 788 appellant

131 841 298 906 ιιιιιιγιςι
300 846 338 895 ν,
365 809 501 881 nomine
518 809 632 897 recle,
657 832 776 908 genere
797 807 915 879 melius
937 801 1012 895 ille,
1035 805 1086 902 qui

131 913 190 987 illa
204 915 317 987 omnia
332 916 557 989 transsationes
569 932 681 991 vocat
704 915 796 989 Haec
810 913 1002 1011 frequentat
1013 912 1087 986 Pha·
1101 959 1104 971 ι

128 1021 236 1096 lereus
253 1024 422 1115 maxime,
449 1023 587 1120 suntque
614 1023 818 1098 dulcissima:
840 1041 873 1097 et
897 1048 1088 1123 quamquam

129 1133 301 1204 transsatio
313 1130 360 1203 est
381 1132 469 1229 apud
484 1130 695 1222 eum'multa‚
720 1148 833 1206 tamen
851 1130 1089 1206 immutationes

81 1271 112 1323 ot
131 1242 290 1340 nusquam
297 1241 489 1316 crebriores.
503 1247 541 1315 In
556 1245 645 1317 idern
659 1268 761 1341 genus
776 1245 941 1317 orationis
951 1246 1088 1342 (loquor

101 1411 104 1418 .
129 1356 220 1427 enirn
233 1357 274 1427 de
287 1355 340 1428 illa
363 1354 496 1429 modica
510 1381 548 1428 ac
562 1356 764 1453 temperata)
779 1356 967 1429 verborum
980 1355 1089 1428 cadunt

128 1461 254 1535 lumina
266 1464 400 1554 omnia,
427 1464 528 1537 multa
545 1466 645 1537 etiam
660 1464 909 1539 sententiarum:
932 1466 1014 1539 latae
1022 1490 1088 1538 eru·

130 1573 284 1675 diraeque
309 1574 544 1674 disputationes
563 1577 605 1651 ab
619 1578 740 1660 eodem
752 1578 980 1676 explicantur,
997 1593 1030 1650 et
1040 1576 1086 1649 lo·

130 1682 163 1756 ci
178 1708 372 1761 communes
385 1685 452 1760 tine
467 1685 681 1760 contentione
702 1687 867 1760 dicuntur.
898 1686 997 1780 ,Quid
1013 1685 1087 1760 mul

130 1795 190 1867 ta?
217 1820 236 1868 e
251 1796 529 1895 philosophorum
543 1791 662 1870 scholis
674 1797 754 1868 tales
774 1794 846 1868 sere
861 1797 1028 1871 evadunt:
1043 1813 1086 1886 et,

129 1903 191 1977 nist
214 1929 331 1978 coram
352 1909 415 1981 erit
435 1928 645 2004 comparatus
658 1905 711 1978 ille
732 1905 881 1995 fortior,
899 1905 1007 2002 perse
1019 1904 1086 1996 hic,
1123 1980 1125 1993 ,

82 2027 115 2097 9⁶
130 2040 231 2115 quem
249 2018 354 2105 dico,
385 2018 590 2114 probabitur.
615 2017 681 2091 list
702 2018 792 2090 enim
802 2019 977 2115 quoddam
993 2021 1085 2094 etiam
1123 2056 1125 2067 ·

79 2146 87 2178 -·
130 2123 282 2224 insigne,
322 2144 356 2199 et
380 2126 504 2200 florens
523 2126 709 2215 orationis,
740 2126 894 2222 pilltun,
917 2146 952 2203 et
971 2127 1087 2224 expoli-

126 2255 200 2312 tum
219 2265 347 2338 genus,
372 2239 408 2311 in
430 2264 499 2337 quo
513 2262 630 2312 omnes
647 2237 856 2327 verborum,
879 2262 995 2311 omnes
1017 2240 1086 2320 sen·

26 2445 28 2448 v
124 2353 304 2426 'tentiarum
320 2354 486 2452 illigantur
501 2353 641 2448 lepores
681 2353 759 2423 lloc
775 2367 886 2424 totum
900 2353 1085 2450 esophista÷

128 2487 205 2534 rum
228 2462 376 2536 fontibus
389 2461 558 2534 defluxit
549 2488 583 2533 m
606 2459 741 2548 sorum,
765 2459 821 2531 sed
834 2460 1085 2557 spretumasub

126 2572 257 2660 tilibus,
281 2572 445 2668 repulsum
458 2599 477 2644 a
492 2571 696 2670 gravibus
688 2597 723 2686 ιιι
737 2595 802 2661 ea,
823 2572 864 2644 de
875 2598 946 2670 qua
957 2577 1085 2675 loquor

122 2681 359 2779 mediocritate
376 2683 534 2763 consedit

63 2787 110 2868 28
174 2791 307 2864 Tertius
323 2792 373 2870 est
395 2795 452 2867 ille
479 2795 631 2890 amplus,
658 2794 840 2891 eopiosuS,
866 2794 1018 2895 gravis,-
1034 2825 1083 2872 on

75 2927 109 2977 97
119 2915 246 2988 natus,
273 2898 388 2997 inquo
403 2901 556 2996 profesto
586 2900 639 2975 vis
665 2900 809 2973 maxima
824 2901 879 2976 est.
910 2907 978 2978 Hic
996 2907 1081 2981 este·

27 3105 30 3111 ι
121 3005 219 3097 nirn,
246 3006 340 3084 cuius
358 3025 511 3083 ornatum
526 3009 683 3101 dicendi,
707 3028 741 3082 et
760 3011 893 3111 copiam
907 3015 1082 3088 adnm

123 3138 236 3211 gentes
260 3109 517 3218 eloquentiam
508 3148 543 3193 m
557 3123 747 3197 civitatibus
765 3125 947 3222 plurimum
978 3129 1081 3204 valere

115 3223 230 3319 passae
248 3226 345 3314 sunt3
396 3229 451 3301 sed
472 3229 558 3305 hanc
587 3227 835 3328 eloquentiam,
868 3257 959 3332 quae
995 3236 1080 3311 curu

122 3352 275 3428 magno,
311 3336 488 3438 sonituque
520 3337 688 3432 serreuu,
724 3365 830 3444 quam
883 3343 1080 3444 suspicerert

122 3459 270 3528 omnes,
309 3467 408 3538 quarn
450 3445 714 3537 admirarentur,
768 3461 871 3550 quam
899 3451 936 3526 se
963 3451 1080 3551 adsequi

28 3624 31 3629 ,
122 3546 217 3643 polle
245 3493 439 3631 diffiderent
486 3556 594 3633 Huius
619 3500 826 3654 eloqsientiae
870 3556 921 3631 eti
956 3560 1078 3635 trada-

119 3673 168 3723 re
184 3657 340 3747 animos,
374 3661 474 3735 huius
503 3666 746 3741 omnimodo
775 3692 995 3766 permovere
1005 3673 1078 3744 haec

115 3765 436 3893 ruodopersrirgit,
463 3776 602 3854 modo
591 3779 710 3883 irrepit
737 3780 775 3860 in
801 3779 938 3872 sensoes
957 3781 1077 3866 uisui
