2302 4304
63 3966 80 4008 k

118 288 185 392 „e
358 234 902 369 retenturos

114 453 265 524 Uberibus
278 454 414 547 grauidis
433 457 524 525 raab
541 466 602 533 ron
620 440 759 549 rigabat:

117 567 211 659 Quae
233 589 299 635 turn
321 591 390 635 cunt
405 570 506 657 pueris
521 566 694 664 flaminato
707 567 935 656 fizlorinisic'lu
1001 643 1006 652 ,

118 679 286 761 Concidit,
311 699 402 769 arque
421 677 532 768 auulsa
548 680 664 767 pedurn
686 679 807 777 uestigia
833 683 934 774 bqoit'.
1051 720 1055 726 ·

59 837 63 845 -
116 788 197 857 Tum
222 791 291 881 quis
313 814 378 857 non
401 791 478 859 artis
490 786 609 881 scripta
632 817 677 860 ac.
689 814 894 861 monumenta
911 798 1071 885 volutans,

122 902 219 969 Voces
242 899 391 998 tristificas
408 902 521 971 chartis
537 904 696 992 promebat
719 903 896 994 Etruscis?

49 1006 56 1019 '
118 1016 239 1083 Omnes
251 1015 332 1082 ciuili
346 1016 520 1107 generosam
531 1016 626 1107 stirpe
640 1015 806 1106 profec‘larn

19 1132 34 1154 '
123 1124 229 1193 Vitare
248 1127 399 1219 ingentem
421 1130 555 1216 cladem,
566 1129 730 1228 pestemque
744 1134 934 1202 monebant:

120 1235 180 1300 Vel
203 1236 301 1327 legunt
328 1237 457 1305 exitium
482 1236 634 1336 constanti
659 1264 731 1307 uoce,
741 1238 910 1329 ferebant,

29 1428 32 1433 Ι
117 1344 244 1436 Templa
265 1348 649 1449 deeanqueadeofhnrrnis
667 1351 810 1442 urbesque
835 1353 988 1420 iubebant
1060 1338 1066 1345 ’

117 1452 253 1545 Eripere,
276 1452 447 1556 &stragem
471 1460 664 1549 horribilem,
691 1464 869 1559 caecumque
887 1465 1004 1531 vereri:
1068 1488 1074 1498 ·

117 1567 225 1656 Atque
238 1568 310 1637 baec
329 1569 407 1659 fixa
420 1572 508 1665 graui
515 1570 617 1660 ficto,
642 1596 681 1639 ac
694 1570 839 1673 fiendata
868 1572 984 1659 teneri,

117 1675 167 1743 Ni
187 1675 257 1775 post
272 1677 408 1768 excifiern
423 1681 468 1746 ad
479 1682 617 1748 columen
631 1677 773 1769 formata
790 1682 890 1748 decore

61 1844 64 1849 .
118 1778 242 1857 Sanllei
255 1788 342 1858 louis
354 1789 471 1890 species
485 1794 582 1861 claros
586 1787 736 1882 spcc‘baret
755 1792 790 1858 in
806 1811 918 1861 ortus:
988 1852 990 1855 ,

121 1896 203 1965 Turn
221 1897 311 1987 fine,
332 1921 366 1967 ut
387 1903 519 1969 occultos
530 1902 672 1992 populus
678 1895 870 1990 sinibusqus
884 1901 1021 1992 senatus

121 2005 243 2075 Cernere
268 2029 399 2076 conatus
419 2004 541 2104 poffet,
556 2007 595 2104 fi
608 2007 688 2098 stu's
709 2009 754 2075 ad
770 2006 868 2075 ortum

121 2113 294 2207 Conversa,
311 2117 382 2184 inde
393 2117 637 2208 patrant-sedes,
656 2119 822 2209 populique
835 2119 956 2187 videret.

118 2228 211 2297 Haec
238 2230 362 2296 tardata
385 2229 439 2296 diu
456 2226 595 2319 speeies,
621 2232 808 2318 multumque
830 2252 976 2318 rnorata,

122 2340 254 2431 Consule
268 2344 440 2427 tentandern
466 2341 545 2432 celsa
558 2340 598 2439 est
613 2341 647 2408 in
664 2340 852 2430 sedelocata
870 2366 880 2411 :

119 2456 227 2545 Atque
246 2445 312 2523 tina
322 2454 390 2544 fixi
416 2481 453 2525 ae
463 2453 587 2551 fignati
608 2455 746 2545 temporis
767 2455 843 2522 bora

118 2566 284 2655 Iupittrtx
296 2565 375 2654 calfit
398 2567 537 2639 clarabat
544 2563 665 2656 sceptra
684 2568 850 2632 columna:
883 2655 888 2660 .

117 2680 172 2746 Ae
192 2679 295 2746 clades
317 2671 436 2768 patriae
444 2675 583 2772 flamma
602 2675 743 2766 ferroque
757 2696 876 2765 parata

117 2787 248 2856 Vocibus
271 2788 475 2880 Allobrogum
488 2789 628 2879 patribus
649 2788 820 2876 populoque
840 2788 983 2874 patebat.

115 2894 186 2964 Rite
204 2893 296 2986 igitur
317 2915 447 2980 ueteres,
477 2921 603 2986 quorum
623 2915 820 2961 monumenta
842 2896 979 2984 tenetis²
1022 2928 1024 2934 ·

119 3007 187 3097 Qui
201 3009 356 3100 populos,
374 3007 515 3100 urbesque
528 3008 617 3075 modo
638 3031 675 3072 ac
695 3005 801 3072 uirtute
828 3006 993 3096 regebam

116 3118 190 3187 Rite
210 3123 301 3189 etiam
322 3122 427 3220 uestri,
453 3123 578 3212 quorum
597 3119 755 3210 ¹pietasque
766 3115 906 3204 fidesque

116 3229 291 3327 Praestitit,
312 3258 352 3304 ac,
367 3236 454 3324 longe
479 3232 552 3300 vicit
569 3227 725 3319 sapientia
739 3220 882 3307 cunc‘bos,

115 3337 280 3428 Praecipue
301 3339 420 3430 ingenti
437 3341 596 3407 coluerunt
621 3335 745 3404 nurnine
770 3333 889 3417 diuos,

114 3446 206 3514 Haec
227 3449 303 3522 adeo
321 3448 446 3539 penitus
466 3468 540 3515 cura
555 3447 651 3514 vedere
669 3444 804 3536 sagaci,

94 3636 96 3640 Α
114 3556 193 3622 Otia
207 3558 259 3646 qui
263 3555 378 3654 studiis
390 3559 463 3625 laeti
475 3578 590 3624 tenuere
605 3555 717 3624 decoris
732 3556 768 3639 ,·'
789 3601 804 3615 ..

113 3662 214 3754 Inque
236 3666 408 3733 Academia
425 3665 612 3754 urnbn'fera,
636 3665 791 3753 nitidoque
813 3664 916 3755 Lyceo

30 3876 33 3882 .
111 3770 273 3842 Fuderunt
294 3777 396 3844 cleeras
413 3772 546 3862 fecundi
558 3771 686 3866 pellaris
709 3794 797 3842 artes.
865 3794 888 3803 ··
