2302 4304
135 304 206 402 ,m
459 281 769 380 snorus

128 462 306 550 dicacitate
327 487 464 540 certare.
500 465 617 558 flod,
651 467 758 566 inquit
777 468 920 557 brutus,
954 465 1090 566 dequo

23 588 34 602 “
134 576 235 648 multa
253 577 418 651 Lucilius?
448 576 513 650 lsto
532 579 613 676 ipso.
653 578 708 652 sed
725 569 867 653 Tincam
890 603 961 650 non
982 578 1088 650 minus

134 688 237 759 multa
261 687 396 761 ridicule
423 687 587 761 dicentem
613 689 756 761 Granius
786 689 951 761 obruebat
979 685 1088 759 nescio

134 822 204 896 quo
224 797 340 894 sapore
362 799 558 872 vemaculo:
583 816 618 872 ut
637 793 701 899 ego
722 800 787 871 iam
806 818 876 870 non
895 799 1020 883 mirer,
1045 795 1086 866 il·

133 907 192 979 lud
208 909 438 1008 Theophrasto
452 910 623 1002 accidisse,
647 909 896 1008 quoddicitur,
922 934 1000 982 crnn
1013 931 1086 1004 per-

135 1038 322 1094 contaretur
343 1048 386 1095 ex
406 1022 533 1094 anicula
549 1022 712 1119 quadam,
735 1021 848 1119 quanti
862 1019 988 1117 aliquid
1004 1042 1085 1092 ven-

134 1132 246 1219 deret;
272 1150 304 1204 et
317 1131 531 1228 respondisset
548 1133 621 1222 illa,
641 1150 738 1229 atque
750 1130 941 1220 addidisset,
956 1133 1084 1224 Hospes,

64 1328 70 1341 ι
134 1271 199 1313 non
229 1267 301 1336 pote
329 1247 461 1314 minoris
472 1274 488 1330 ;
525 1239 629 1314 tulisse
663 1265 739 1311 eum
769 1238 934 1329 moleste,
957 1237 990 1310 fe
1020 1261 1084 1308 non

133 1349 276 1446 effirgere
315 1349 451 1444 hospitis
482 1350 650 1446 speciem,
693 1374 770 1422 cum
805 1365 945 1420 aetatem
980 1369 1085 1448 ageret

133 1459 289 1548 Athenis,
324 1459 517 1554 optimeque
542 1458 743 1556 loqueretur.
799 1459 972 1543 Omnino,
1010 1455 1085 1527 ficut

133 1567 276 1662 opinor,
320 1566 355 1638 in
382 1566 500 1639 nostris
519 1564 566 1637 est
597 1566 731 1663 quidam
752 1566 978 1654 urbanorum,
1010 1562 1084 1634 ficut

131 1669 199 1744 illic
217 1672 422 1765 Atticorum,
450 1674 559 1748 sonus.
588 1674 644 1747 sed
674 1676 814 1748 domum
839 1674 1031 1764 redeamus,
1052 1671 1084 1744 id

128 1781 198 1873 est,
223 1784 266 1855 ad
287 1781 416 1855 nostros
437 1805 652 1882 revertamur.

68 1901 120 1991 '47
180 1898 326 1969 Duobus
348 1896 447 1994 igitur
467 1895 625 1984 summis,
650 1895 766 1967 Crasso
795 1916 827 1966 et
848 1894 1023 1984 Antonio,
1048 1896 1082 1967 [ζ

73 2028 117 2081 173
133 2005 300 2103 Philippus
312 2005 483 2102 proximus
493 2005 686 2094 accedebat,
710 2003 766 2077 fed
778 2005 882 2101 longo
901 2003 1085 2092 intervallo,

77 2192 79 2197 ,
129 2133 242 2187 tamen
262 2115 444 2212 proximus.
494 2115 605 2209 ltaque
630 2136 727 2202 eum,
751 2111 810 2183 etsi
827 2135 929 2183 nemo
949 2113 1084 2183 interce-

133 2226 249 2317 debat,
282 2223 393 2322 quise
419 2221 464 2292 illi
488 2220 683 2311 anteferret,
707 2245 814 2315 neque
836 2218 1014 2291 fecundum
1035 2244 1082 2293 ta-

88 2420 90 2424 ·
131 2358 234 2421 men,
259 2357 365 2430 neque
385 2330 518 2402 tertium
537 2329 687 2402 dixerim.
735 2331 807 2400 Nec
833 2329 924 2400 enim
944 2329 979 2400 in
1005 2355 1081 2427 qua-

15 2433 18 2440 ‘
132 2445 233 2543 drigis
255 2470 331 2517 eum
351 2443 528 2516 secundum
549 2430 812 2524 numeraverim,
847 2458 903 2511 aut
930 2439 1081 2530 tertium,

131 2555 190 2651 qui
210 2554 268 2626 vix
283 2579 302 2623 e
320 2553 504 2625 carceribus
526 2549 661 2639 exierit,
686 2575 762 2622 cum
776 2549 920 2645 palmam
939 2549 1005 2620 iam
1020 2548 1084 2645 pri·

131 2690 204 2737 mus
222 2665 406 2760 acceperit;
432 2664 539 2736 necin
554 2660 758 2749 oratoribus,
784 2660 841 2756 qui
863 2676 990 2732 tantum
1009 2660 1084 2758 absit

131 2796 150 2841 a
171 2770 302 2865 prim0,
329 2768 386 2842 vix
405 2787 442 2840 ut
461 2770 496 2840 in
519 2769 639 2840 eodem
661 2766 824 2839 curriculo
843 2765 908 2838 else
928 2768 1085 2842 videatur.

131 2880 187 2956 sed
213 2902 322 2953 tamen
353 2899 446 2950 erant
482 2905 521 2951 ea
546 2882 580 2950 in
603 2881 782 2977 Philippo,
813 2905 915 2977 quae,
946 2879 1084 2978 quisine

131 2979 384 3084 comparatione
395 2983 538 3082 ‘illorum
563 2983 737 3080 speslarer‚
760 2985 833 3058 satis
853 3009 972 3082 magna
1002 2983 1085 3056 dice-

131 3118 206 3171 ret:
234 3098 358 3171 summa
383 3095 514 3169 libertas
539 3095 575 3166 in
601 3096 769 3188 oratione,
794 3098 915 3170 multae
935 3097 1084 3172 facetiae:

131 3205 205 3277 fatis
233 3209 347 3278 creber
374 3206 408 3278 in
425 3203 651 3302 reperiendis,
682 3206 806 3279 solutus
826 3206 863 3277 in
883 3204 1086 3302 explicandis

125 3314 312 3415 sententiis:
337 3335 406 3388 erat
421 3316 520 3389 etiam
539 3314 573 3386 in
598 3315 733 3412 primis,
756 3320 1027 3415 vut‘temporibus
1048 3321 1085 3393 il·

130 3428 189 3516 lis,
213 3427 348 3499 Graecis
371 3423 723 3515 doetrinis'instimtus,
747 3431 785 3502 in
805 3430 997 3506 altercando
1012 3457 1083 3506 cum

68 3569 118 3619 Δ»74
130 3541 240 3638 aliquo
252 3540 366 3612 aculeo
388 3559 422 3613 et
441 3540 615 3613 maledido
634 3541 768 3618 facetus.
842 3547 977 3618 Horum
994 3542 1085 3617 aetati

20 3690 23 3695 ·
130 3674 236 3746 prope
250 3650 440 3723 coniunslus
453 3654 489 3725 L.
511 3649 648 3739 Gellius,
667 3676 737 3724 non
759 3676 827 3726 tam
849 3641 1029 3730 vendibilis
1046 3681 1084 3728 o-

94 3812 96 3822 .
131 3777 241 3853 rator,
265 3787 364 3861 quam
380 3779 418 3836 ut
439 3757 595 3853 nescires,
625 3761 705 3860 quid
723 3762 754 3835 ei
774 3761 985 3859 deessetsec
1002 3765 1086 3839 enim

63 3954 91 4016 ι
205 3935 211 3948 .
