2302 4304
164 302 229 384 126
355 298 485 376 'DE
523 298 896 372 'ORATORE

161 460 230 546 tio,
253 460 391 556 quaesit
410 459 544 557 propria
563 458 758 557 quaestionis
776 478 809 534 et
832 460 945 535 iudicii
962 460 1114 541 :deinde

160 567 214 638 ua
237 568 304 639 auo
326 569 560 667 migentiffime
585 570 781 662 comaero,
805 557 1115 669 q110ruma1tenim,

160 678 479 750 commendationem
507 677 605 749 habet
622 675 783 767 nostram,
800 698 854 752 aut
876 705 1011 771 eorum,
1024 708 1111 780 quos

67 785 70 788 ’
159 786 387 874 defendimus,
408 787 544 858 alterum
567 785 613 857 est
630 787 914 864 accommodatum
931 790 972 860 ad
991 814 1110 866 eorum

143 895 308 980 animm,
327 895 412 990 apud
429 919 514 992 quos
529 895 686 985 dicimus,
704 896 744 965 ad
762 896 815 984 id,
834 897 925 992 quod
936 897 1111 986 volumus,

98 1039 140 1090 115
158 1005 435 1076 commovendos.
473 1007 519 1075 Ita
547 1003 631 1073 ratio
655 1002 763 1076 omnis
788 1003 918 1074 dicendi
941 1003 1047 1076 tribus
1067 1005 1111 1092 ad

156 1112 413 1209 persuadendum
435 1112 531 1185 rebus
556 1110 603 1182 est
629 1112 704 1181 nixa
729 1135 738 1181 :
762 1130 799 1186 ut
822 1112 1000 1207 probemus
1029 1139 1111 1187 vera

156 1219 220 1292 effe
242 1245 304 1308 ea,
338 1245 420 1316 quae
446 1219 676 1291 defendimus:
706 1238 743 1292 ut
775 1222 987 1298 conciliemus
1010 1223 1118 1301 nobis-

154 1352 234 1416 eos,
259 1327 316 1424 qui
344 1330 480 1401 audiunt
506 1357 516 1400 ε
538 1347 573 1401 ut
602 1331 730 1402 animos
758 1356 902 1420 eomun,
924 1333 965 1414 ad
989 1358 1109 1430 quem-

93 1458 140 1509 nu
155 1461 283 1534 cunque
309 1438 401 1510 causa
423 1441 597 1537 postulabit
610 1460 758 1534 motum,
771 1470 937 1519 vocemus.
959 1448 1013 1519 Ad
1025 1470 1108 1551 pigo·

154 1553 298 1625 bandum
321 1570 431 1624 autem
448 1553 566 1648 duplex
585 1552 632 1625 est
646 1556 771 1626 oratori
788 1557 925 1629 subiella
940 1545 1109 1637 materies:

152 1684 216 1732 una
235 1686 345 1733 rerum
361 1686 494 1750 earum,
513 1687 595 1760 quae
613 1688 682 1734 non
699 1665 921 1760 excogitantem
935 1664 977 1735 ab
988 1687 1108 1737 orato-

151 1797 210 1858 re,
229 1773 284 1845 sed
312 1773 347 1842 in
367 1797 401 1842 re
423 1772 569 1866 positae,
587 1773 713 1843 ratione
734 1775 930 1846 tractantur:
956 1790 993 1843 ut
1010 1774 1108 1844 tabu-

103 1975 104 1979 *
152 1876 225 1966 lae,
261 1876 473 1964 testimonia,
507 1883 619 1975 palla,
658 1903 842 1969 conventa,
880 1880 1109 1979 quaestiones,

150 1985 255 2080 leges,
276 1985 567 2082 senatusconsulta,¹
601 2012 653 2058 res
676 1988 859 2078 iudicatae,
880 1990 1026 2075 decreta,
1049 2017 1107 2062 re-

149 2095 289 2191 sponsa,
310 2117 343 2167 et
356 2095 495 2192 reliqua,
514 2095 538 2164 fi
559 2120 641 2192 quae
662 2094 759 2185 stmt,
775 2121 858 2194 quae
880 2121 949 2168 non
970 2099 1107 2193 pariun-

121 2225 203 2277 «tur
227 2207 267 2278 ab
293 2226 456 2293 oratore,
474 2205 529 2276 sed
552 2205 593 2275 ad
631 2230 798 2278 oratorem
820 2232 839 2278 a
862 2206 978 2296 causa,
1008 2226 1107 2305 atque

98 2392 101 2397 ,
142 2343 168 2402 ,ει
192 2344 228 2391 re
249 2317 437 2404 defenmtur
456 2343 465 2388 ε
484 2317 603 2403 altera,
621 2342 703 2414 quae
720 2337 790 2389 tota
805 2319 840 2388 in
870 2319 1107 2413 disputatione,

69 2464 133 2529 ,117
150 2444 183 2499 et
204 2416 484 2524 aigumentatio'ne
507 2426 650 2499 oratoris
672 2428 831 2499 collocata
850 2426 904 2499 est.
933 2431 979 2498 Ita
1000 2428 1036 2498 in
1049 2429 1104 2500 su·

149 2536 279 2630 periore
295 2532 413 2631 genere
433 2535 473 2606 de
492 2536 663 2608 tradandis
678 2536 891 2632 argumentis,
908 2537 942 2606 in
955 2537 1024 2609 hoc
1042 2564 1103 2611 au-

149 2663 216 2718 tem
240 2650 338 2718 etiam
375 2649 415 2719 de
452 2649 655 2722 inveniendis
675 2649 903 2749 ¹cogitandum
931 2647 987 2721 est.
1041 2651 1104 2722 At-

149 2781 222 2852 que¹
245 2757 296 2829 isti
331 2758 486 2854 quidem,
533 2760 599 2855 qui
628 2759 773 2847 docent,
815 2784 889 2829 cum
926 2756 1036 2830 causas
1067 2759 1103 2830 in

51 2877 53 2882 '
149 2866 241 2959 plura
266 2892 383 2964 genera
419 2868 614 2954 secuerunt,
644 2865 773 2962 smgulis
798 2865 968 2963 generibus
1001 2891 1101 2964 argu·

149 2969 495 3076 mentorum‘copiam
519 2979 702 3075 suggerunt.
734 2978 824 3074 quod
847 2973 969 3049 etiamsi
983 2978 1027 3056 ad
1048 2978 1101 3048 in-

148 3077 325 3162 stituendos
363 3087 619 3161 adolescentidos
665 3086 768 3183 magis
804 3103 916 3181 aptum
941 3085 1008 3175 est,
1041 3100 1101 3175 ut,

67 3187 70 3202 ⁴
148 3194 278 3267 simulac
300 3195 404 3291 posita
424 3195 461 3267 fit
480 3194 595 3282 causa,
614 3192 778 3286 habeant,
796 3216 865 3290 quo
885 3191 917 3264 se
934 3190 1075 3263 referant
1087 3218 1103 3279 ,·

148 3304 233 3373 unde
248 3302 351 3374 statim
372 3303 521 3402 expedita
539 3301 659 3400 poffmt
678 3318 866 3398 argumenta
883 3299 1100 3395 depromere;

148 3439 256 3486 tamen
274 3432 307 3484 et
328 3415 411 3487 tardi
426 3416 549 3521 ingenii
570 3414 635 3511 est,
658 3413 782 3486 rivulos
806 3410 1004 3501 consedari,
1021 3410 1100 3508 50¹¹*

67 3600 70 3605 ,
148 3549 196 3602 tes
218 3553 328 3602 rerum
361 3553 429 3599 non
452 3528 589 3601 videre:
612 3548 645 3600 et
670 3527 736 3599 iam
755 3527 866 3597 aetatis
893 3525 940 3600 est
962 3525 1100 3625 ususque

15 3632 17 3637 ’
70 3689 72 3693 .
148 3638 247 3735 nostri
262 3657 309 3725 ,a
327 3637 452 3733 capite,
470 3636 563 3731 quod
575 3635 738 3727 velimus,
756 3633 933 3727 arcessere,
945 3655 996 3727 et,
1009 3633 1099 3707 unde

95 3773 98 3778 ’
146 3750 258 3821 omnia
281 3763 437 3836 manent,
454 3747 576 3821 videre.
640 3740 641 3748 ¹

417 3897 583 3951 ε
