2302 4304
140 282 349 409 3m'⁶'
459 306 769 381 BRUTUS

134 473 328 561 scientiam,
355 487 389 543 et
407 467 567 568 loquendi
584 464 804 568 elegantiam,
831 494 917 567 quae
939 495 983 543 ex
1002 471 1097 568 scrip

134 587 176 658 ris
200 586 293 675 citu,
322 612 464 682 quorum
487 585 602 657 similia
625 585 711 656 nulla
736 583 826 673 sunt,
851 583 1009 658 facillime
1022 592 1096 682 'pet-

68 720 115 767 154
135 698 217 794 spici
238 697 356 794 potest.
404 700 558 795 Cumque
580 694 723 797 discendi
746 693 841 769 causa
867 697 1000 781 duobus
1018 688 1093 794 peri·

134 806 262 878 tissimis
288 829 432 901 ‘operam
462 804 624 892 dedisset,
663 807 699 875 L.
731 803 858 876 Lucilio
884 805 1017 895 Balbo,
1052 807 1089 877 C.

133 919 279 1015 Aquillio
298 917 421 1003 Gallo;
445 916 558 1015 Galli,
577 915 729 987 ¹hominis
748 916 836 987 acuti
859 937 893 989 et
912 918 1089 1004 exercitati,

124 1044 299 1125 *promtam
318 1046 351 1096 et
372 1025 517 1120 paratam
540 1023 583 1125 in
598 1023 726 1120 agendo
749 1023 783 1093 et
805 1021 840 1092 in
859 1023 1089 1125 respondendo

104 1145 110 1171 ‘¹
132 1134 334 1206 celeritatem
354 1132 527 1205 subtilitate
544 1131 775 1228 diligentiaque
790 1129 980 1225 superavit;
993 1132 1087 1219 Balbi,

133 1239 223 1311 dotti
242 1258 274 1311 et
291 1240 411 1311 eruditi
434 1240 601 1325 hominis,
634 1238 669 1308 in
685 1258 824 1335 utraque
848 1264 885 1311 re
908 1241 1088 1314 confidere·

131 1363 199 1417 tam
222 1347 410 1419 tarditatem
432 1348 536 1436 vicit,
578 1347 790 1442 expediendis
815 1344 1088 1446 conficiendisque

132 1457 252 1529 rebus:
279 1455 323 1528 fic
345 1479 377 1528 et
399 1455 522 1542 habet,
543 1457 806 1554 quod'uterque
824 1483 944 1536 eorum
963 1457 1087 1556 habuit,

67 1585 110 1638 ἐς
132 1586 165 1639 et
182 1566 357 1663 exple-vit,
374 1566 468 1662 quod
485 1566 616 1663 utrique
636 1564 750 1642 defiiie
800 1570 935 1663 ltaque,
950 1587 987 1639 ut
1001 1567 1087 1640 Cras-

130 1679 181 1752 sus
198 1678 279 1750 mihi
297 1680 431 1752 videtur
451 1678 624 1776 sapientius
647 1677 778 1767 secisse,
803 1705 903 1806 quarn
936 1684 1086 1757 Scaevola

126 1787 206 1883 (hic
228 1788 316 1859 enim
339 1789 449 1862 causas
477 1789 618 1861 studiose
649 1789 890 1886 recipiebat,
881 1819 919 1863 m
941 1796 1086 1892 quibusa

130 1898 250 1970 Crasso
267 1899 500 1995 superabatur;
524 1897 576 1969 ille
600 1898 632 1969 se
652 1898 776 1970 consuli
797 1899 954 1990 nolebat,
977 1929 1026 1975 ne
1029 1926 1086 2001 qua

128 2010 165 2084 in
183 2036 221 2083 re
243 2011 389 2083 inferior
404 2010 503 2101 esset,
527 2035 626 2107 quam
653 2007 839 2107 Scaevola)
860 2037 873 2097 ;
897 2013 943 2086 src
963 2017 1086 2090 Servius

129 2118 368 2217 sapientissime.
417 2122 504 2190 Cum
525 2118 613 2189 enim
634 2119 716 2189 duae
736 2121 850 2193 civiles
870 2140 956 2199 artes
976 2153 1014 2201 ac
1036 2127 1085 2198 fo·

24 2262 26 2267 ·
130 2232 238 2306 tenses
254 2233 434 2330 plurimum
456 2250 489 2303 et
504 2232 609 2304 laudis
622 2225 780 2303 habereut
801 2251 834 2303 et
854 2237 996 2331 gratiae3
1017 2263 1084 2336 per·

129 2339 229 2431 fecit,
254 2360 291 2414 ut
310 2339 411 2411 altera
432 2338 608 2436 praestaret
628 2339 800 2428 omnibus,
827 2367 871 2413 ex
893 2343 996 2416 altera
1021 2365 1083 2419 tan·

64 2478 67 2485 ·
127 2470 201 2522 tum
219 2450 414 2540 assumeret,
440 2471 598 2547 quanmm
619 2447 718 2537 esset,
735 2473 778 2520 et
798 2451 839 2521 ad
863 2454 1025 2526 tuendum
1042 2456 1085 2526 ius

128 2554 245 2644 civile,
284 2577 318 2626 et
347 2555 390 2624 ad
418 2555 633 2626 obtinendam
656 2555 858 2627 consularem
884 2560 1102 2657 dignitatem,

60 2671 110 2735 ¹5⁶
128 2667 210 2739 saria.
260 2666 351 2736 Tum
374 2667 512 2755 Brutus,
537 2670 585 2738 lta
613 2667 766 2764 prorsus,
798 2668 925 2765 inquit,
951 2670 1084 2764 eterna

127 2779 293 2878 putabam.
343 2780 467 2853 Audivi
490 2783 581 2852 enim
600 2808 705 2879 nuper
724 2808 799 2854 eum
816 2783 961 2860 studiose
976 2807 1009 2862 et
1028 2791 1083 2861 sre-

123 2905 267 2986 quenter
281 2890 389 2980 Sami,
415 2916 493 2997 cum
515 2916 557 2963 ex
575 2917 617 2965 eo
637 2893 687 2966 ius
701 2894 846 2965 nostrum
862 2898 1082 2992 pontificium,

125 3022 199 3096 qua
225 3023 267 3070 ex
299 3016 393 3096 parte
423 3025 499 3070 cum
534 3002 606 3073 iure
637 3002 729 3076 civili
757 3004 976 3078 coniunctum
998 3010 1081 3099 esset,

124 3113 245 3185 vellem
273 3111 498 3210 cognoscere,
525 3136 558 3185 et
576 3138 663 3186 nunc
695 3140 806 3186 meum
829 3104 992 3191 iudicium
1013 3120 1084 3192 mul·

49 3311 51 3315 v
124 3245 163 3293 ro
182 3221 286 3318 magis
305 3221 472 3316 confirmo
487 3223 678 3294 testimonio
696 3247 728 3295 et
746 3223 873 3295 iudicio
888 3244 976 3299 tuo:
999 3228 1082 3301 simul

67 3390 74 3399 .
124 3329 204 3401 illud
224 3332 371 3428 gaudeo,
409 3333 502 3430 quod
523 3351 557 3403 et
573 3334 747 3429 aequalitas
768 3333 896 3421 vestra,
935 3355 971 3410 er
997 3365 1083 3435 pares

120 3435 295 3522 bonorum
317 3443 468 3539 gradus,
485 3461 518 3516 et
536 3444 655 3515 artium
670 3444 924 3542 studiorumque
946 3451 1084 3547 qualifi-

123 3552 240 3626 nitima
258 3554 436 3657 vicinitaS,
461 3572 589 3627 tantum
606 3555 694 3627 abest
710 3558 752 3628 ab
775 3559 1049 3638 ob'tredlatione
1040 3592 1085 3638 m·

47 3729 48 3733 ,
69 3669 71 3673 ’
123 3654 315 3765 vidiaque,
320 3692 404 3765 quae
425 3668 507 3741 soler
523 3671 666 3743 lacerare
680 3672 872 3772 plerosque,
897 3677 960 3750 uti
963 3705 1004 3754 ea
1019 3707 1083 3753 non

16 3826 20 3832 ·
118 3777 229 3856 modo
251 3803 322 3854 non
343 3778 529 3854 exulcerare
554 3781 696 3855 vestram
724 3782 885 3888 gratiam,
907 3785 1087 3863 sedetiam
