2302 4304
376 279 601 354 ιιιιιι
650 278 718 353 ιι
959 299 1027 376 129

55 466 159 541 mm,
186 469 273 549 quae
303 422 376 532 vis,
414 443 490 542 qui
495 398 661 531 animes,
691 463 775 538 quae
810 436 952 538 dignitas
979 436 1028 511 illi

56 560 191 635 oratori
209 556 336 644 defuit,
361 555 420 652 qui
438 552 473 625 in
494 551 589 626 causa
608 549 796 648 peroranda
812 574 884 622 non
899 548 1028 623 dubita-

55 672 109 746 vit
138 668 285 742 excitare
316 688 411 739 reum
444 663 669 784 consularem,
692 685 725 733 et
754 658 823 733 eius
855 663 1029 738 diloricare

58 779 233 867 tunicam,
257 791 290 847 et
308 772 469 849 iudicibus
486 768 656 844 cicatrices
677 769 829 842 adversas
856 768 973 843 senis
965 796 1030 843 rm·
1056 786 1064 807 ’
1115 790 1119 799 ·

57 886 226 985 peratoris
249 879 451 955 ostenderet
474 878 750 978 qui-idem„hoc
772 879 942 952 accusante
959 879 1032 952 Sul·

58 996 178 1094 picio,
203 1019 281 1068 cum
298 992 470 1065 hominem
484 989 699 1076 seditiosum,
723 988 955 1090 furiosumque
973 992 1033 1063 de·

9 1130 15 1139 ·
53 1105 234 1194 senderet,
267 1128 337 1175 non
368 1101 534 1176 dubitavit
565 1101 741 1174 seditiones
775 1101 857 1199 ipsas
894 1126 1032 1192 ornare,
1119 1129 1129 1149 ⁰

58 1235 99 1283 ac
125 1205 350 1282 demonstrare
363 1207 561 1307 gravisstmis
574 1209 704 1295 verbis,
718 1210 841 1285 multos
858 1213 952 1310 saepe
964 1214 1031 1286 im·

61 1343 157 1420 petus
175 1321 293 1419 populi
307 1345 375 1392 non
389 1319 525 1394 iniustos
547 1321 626 1411 effe,
648 1348 736 1419 quos
754 1323 921 1421 praestare
930 1350 1032 1401 nemo

61 1433 188 1530 poffit?
214 1430 332 1523 multas
359 1429 459 1503 ctiam
491 1454 510 1502 e
538 1432 712 1529 republica
735 1430 912 1511 seditiones
935 1440 1050 1536 saepe.

59 1540 129 1613 esse
151 1538 249 1612 fauts
263 1592 274 1629 ,
289 1557 325 1611 ut
346 1563 424 1625 cum
442 1563 535 1637 reges
548 1540 652 1613 essent
673 1541 798 1630 eradi,
819 1563 857 1618 ut
879 1572 956 1620 cum
970 1547 1032 1621 tri·

59 1653 190 1728 bunitia
203 1650 346 1750 potestas
360 1648 442 1725 esset
461 1652 670 1728 constituta?
693 1657 784 1729 Illam
807 1654 960 1734 Norbani
983 1662 1034 1734 se·

61 1767 244 1856 ditionem,
257 1790 299 1837 ex
311 1764 399 1837 ludu
414 1764 541 1838 civium
552 1819 562 1857 ,
573 1788 607 1839 et
619 1792 662 1840 ex
672 1770 852 1866 Caepionis
865 1772 960 1865 odio,
974 1770 1034 1872 qui
1119 1762 1123 1767 ’

60 1878 248 1950 exercitum
275 1873 454 1965 amiserat,
484 1901 592 1972 neque
627 1879 764 1975 reprimi
798 1880 967 1977 potuisse,
999 1902 1033 1957 et

61 1988 136 2061 iure
163 1983 231 2058 esse
255 1982 464 2057 conflatam?
493 1984 608 2058 Potuit
626 1988 681 2062 hic
699 1990 793 2064 locus
810 2009 879 2064 tam
895 2016 1032 2093 anceps,
1049 2012 1100 2069 ¹²1

50 2115 132 2171 lam
163 2095 355 2187 inauditus,
383 2112 452 2168 tam
487 2095 656 2191 lubricus,
694 2119 764 2175 tam
803 2085 939 2196 novus,
965 2105 1035 2180 fine

60 2211 209 2310 quadam
234 2206 467 2282 incredibilivi
487 2234 526 2282 ac
545 2209 697 2286 facultate
715 2200 847 2288 dicendi
870 2216 1033 2304 tradaris

62 2321 158 2416 Quid
182 2344 251 2423 ego
266 2320 307 2392 de
330 2320 394 2393 Cn.
417 2320 559 2414 Manlii,
581 2323 663 2419 quid
682 2325 722 2397 de
746 2328 795 2417 Q.
817 2318 918 2422 Regis
936 2351 1032 2399 com·

63 2429 275 2503 miseratione
300 2427 439 2500 dicam?
466 2427 547 2525 quid
566 2429 607 2500 de
620 2429 690 2504 aliis
712 2431 1032 2507 innumerabilibus?

64 2541 102 2612 in
123 2539 245 2638 quibus
264 2564 334 2612 non
350 2540 419 2612 hoc
432 2539 579 2610 maxime
606 2540 742 2631 enituit,
768 2541 859 2640 quod
881 2540 942 2615 tibi
956 2567 1033 2615 om·
1078 2622 1080 2627 ¹

16 2690 21 2699 ·
65 2675 124 2723 nes
151 2649 257 2738 dant,
293 2673 432 2721 acumen
459 2641 629 2745 quoddam
653 2648 837 2750 singulare,
862 2650 918 2723 sed
950 2650 1032 2726 haec

66 2761 156 2858 ipsa,
171 2783 255 2857 quae
269 2785 356 2832 ntmc
369 2760 478 2831 adme
492 2757 641 2859 delegare
655 2759 728 2850 vis,
746 2783 785 2833 ea
804 2761 932 2857 semper
945 2760 980 2832 in
998 2778 1031 2832 te

65 2872 191 2945 eximia
206 2869 445 2997 etpraeslantia
471 2867 620 2944 fuerunt:
646 2871 754 2948 Tum
764 2871 923 2944 Catulus.
956 2871 1031 2968 Ego
1048 2883 1095 2955 ²9

65 3010 154 3059 vero
164 2983 319 3082 ,inquit‚
337 2983 373 3053 in
390 2981 489 3054 vobis
509 2982 575 3055 hoc
592 2983 737 3056 maxirne
755 2983 911 3056 admirari
924 2981 1033 3072 soleo,
1049 2974 1119 3031 ¹²⁶

67 3097 187 3196 quod,
211 3118 287 3169 cum
305 3093 392 3166 inter
407 3118 471 3166 vos
497 3094 533 3165 in
560 3093 702 3169 dicendo
726 3093 927 3168 diffimillimi
947 3094 1035 3185 fitis,
1095 3079 1103 3107 ¹

65 3206 114 3276 ita
139 3220 252 3275 tamen
269 3218 410 3296 uterque
426 3198 573 3275 vestrum
592 3202 704 3293 dicat,
728 3224 807 3274 uter
797 3199 903 3272 nihil
926 3227 1036 3301 neque

68 3341 88 3386 a
117 3330 235 3386 natura
258 3311 482 3407 denegantur,
506 3336 614 3408 neque
639 3336 659 3384 a
680 3255 828 3386 doctrina
853 3335 923 3385 non
946 3314 1035 3387 dela·

69 3446 145 3506 tum
172 3423 238 3496 esse
263 3421 426 3496 videatur.
470 3422 602 3516 Quare,
626 3421 740 3494 Crasse
752 3445 890 3522 ,neque
914 3443 953 3498 tu
977 3441 1035 3498 tua

69 3532 231 3607 suavitate
258 3552 319 3602 nos
340 3527 512 3645 privabis,
529 3551 568 3603 ut
579 3529 725 3630 ,siquid
747 3530 790 3608 ab
807 3533 959 3608 Antonio
979 3548 1036 3605 aut

69 3624 375 3740 praetermissum,
378 3653 434 3708 aut
454 3635 604 3712 relislum
624 3637 684 3729 stt,
697 3663 767 3712 non
788 3639 959 3737 explices·
976 3659 1036 3710 ne·

69 3779 140 3854 que
163 3776 222 3844 te,
248 3750 394 3842 Antoni,
418 3749 444 3822 fi
470 3751 551 3848 quid
576 3775 648 3833 non
668 3750 816 3844 dixeris,
836 3747 1036 3881 existimabi-

156 3854 251 3924 cicer.
276 3853 367 3946 Oper.
392 3854 465 3922 Vol.
487 3848 538 3921 ΙΙ.
623 3850 629 3861 ”
851 3848 867 3919 Ι
