2302 4304
248 370 251 377 .
330 305 715 384 uterum
958 253 1042 405 ἰῇ

10 449 34 501 ⁹⁸¹³
87 465 190 563 dixisse
202 491 258 540 me
271 487 380 564 puto:
420 482 532 539 rerum
553 465 646 564 plura
668 466 774 555 sunt,
807 490 915 566 eaque
936 471 1043 568 magis
1060 485 1107 550 264

10 565 18 612 ²
83 575 139 677 (ut
157 579 226 651 dixi
258 575 362 674 ante)
391 575 561 650 ridentur:
590 577 625 650 in
653 578 772 675 quibus
801 577 847 649 est
869 583 1042 670 narratio;

77 682 214 761 redsane
240 686 392 761 difficilis,
442 682 669 784 Exprimenda
684 688 773 759 enim
791 690 889 773 sunt,
916 711 950 765 et
975 719 1040 790 po-

74 800 192 933 nenda⁴
202 796 279 873 ante
296 799 414 872 oculos
431 823 491 888 ea,
506 822 509 827 ·
527 824 613 896 quae
636 799 813 874 videantur
838 801 902 875 esse
918 807 1043 879 *verifi-

27 946 31 951 ·
71 915 164 1018 nri-lia
182 962 206 1015 ἲ,
222 914 315 1011 quod
330 912 376 984 esi
395 913 569 1010 proprium
585 913 798 1003 nanationis,
820 934 853 989 et
871 944 955 1014 quae
968 920 1044 1018 stne,

71 1025 169 1120 quod
195 1019 512 1120 ridiculi-proprium
525 1023 589 1113 esl,
603 1025 793 1122 subturpia:
819 1026 911 1101 cuius
928 1054 1045 1104 exem·

70 1133 196 1230 plum,
222 1149 259 1204 ut
286 1132 538 1222 brevissimum,
561 1131 601 1204 fit
622 1134 697 1205 sane
722 1132 826 1222 illud,
852 1135 945 1231 quod
969 1157 1045 1211 ante

69 1243 196 1340 posui,
227 1241 329 1314 Craffi
350 1242 391 1313 de
417 1239 594 1313 Memmio.
628 1243 671 1312 Et
697 1241 739 1311 ad
766 1242 834 1314 hoc
858 1266 960 1342 genus
982 1246 1044 1320 ad·
1127 1297 1130 1303 -

71 1355 259 1428 scribamus
280 1354 377 1426 etiam
394 1351 599 1425 narrationes
621 1343 864 1452 apologonun.'
886 1357 1044 1433 Trahitur
1060 1375 1105 1454 265

70 1464 180 1538 etiarn
208 1457 327 1563 aliquid
352 1490 393 1535 ex
416 1461 570 1551 historia,
596 1480 658 1552 ut,
683 1488 760 1535 cum
789 1466 862 1536 Sex.
883 1465 992 1542 Titius
1010 1470 1043 1544 se

69 1572 288 1645 Cassandram
301 1570 367 1644 esse
388 1570 534 1659 diceret,
555 1573 704 1661 Multos,
731 1570 839 1670 inquit
859 1577 1044 1668 Antonius,

62 1672 193 1786 pofficm
217 1687 294 1760 tuos
315 1691 434 1770 Aiaces
462 1689 571 1757 Oileos
594 1689 765 1756 nominare.
802 1683 858 1756 Est
883 1683 984 1759 etiam
998 1711 1043 1760 ex
1142 1777 1144 1782 Ι

68 1795 308 1873 similitudine:
333 1825 419 1899 quae
440 1817 497 1872 aut
518 1781 730 1871 collationem
750 1797 870 1889 habet,
891 1818 948 1872 aut
968 1817 1043 1872 tan-

69 1935 176 2008 quam
195 1908 383 2011 imaginev,
408 1909 634 1982 Collationem
648 1904 714 1982 :sut
740 1908 794 1983 ille
821 1911 936 1985 Gallus
958 1911 1043 1993 olim
1132 2006 1136 2013 Ι

69 2020 164 2095 testis
180 2020 217 2092 in
232 2008 403 2109 Pisonen,
417 2046 494 2094 curn
516 2020 789 2093 innumerabilem
812 2021 928 2121 Magio
942 2014 1042 2120 piae-

70 2128 164 2202 fetro
191 2119 373 2227 muniam
398 2127 529 2201 dixisset
553 2128 685 2219 datam,
709 2128 810 2231 idque
829 2131 969 2203 Scaurus
989 2152 1043 2203 te-

72 2238 330 2336 nitate-Magri
351 2238 585 2337 redargueret:
610 2243 735 2327 Erras,
757 2238 889 2334 inquit,
915 2244 1043 2308 Scaurc.

75 2377 127 2445 ego
157 2352 240 2439 enim
268 2351 414 2444 Magium
438 2375 506 2418 non
532 2346 719 2445 conscrvaffc
743 2349 837 2432 dico,
853 2348 917 2448 scd
926 2398 937 2432 ,
968 2371 1045 2418 tan·

76 2488 170 2552 quam
204 2463 311 2530 nudus
342 2486 434 2530 nuces
458 2464 587 2553 legeret,
610 2460 645 2524 in
663 2479 765 2557 ventre
788 2453 972 2555 abstulrffc:
1004 2477 1043 2531 ut

79 2571 127 2643 ille
150 2576 199 2646 M.
219 2572 342 2644 Cicero
360 2571 481 2655 senex,
498 2567 596 2638 huius
617 2564 846 2663 viri‘optinri,
867 2566 970 2642 nostri
989 2569 1041 2642 fa·

78 2684 212 2757 miliaris
224 2739 235 2775 ,
249 2705 341 2782 pater
353 2739 365 2773 ,
377 2688 495 2788 nestros
518 2685 657 2752 homines
665 2679 787 2781 fimilcs
809 2677 864 2779 effe
885 2687 1041 2777 Syrorum

10 2818 15 2845 ²
80 2801 235 2866 venalium
249 2822 263 2864 .·
275 2819 310 2866 uc
322 2797 449 2890 quisquc
468 2797 581 2890 optimc
598 2796 713 2881 Graece
720 2794 834 2885 βαίνετ’,
848 2799 896 2863 ita
917 2792 972 2891 effe
983 2822 1040 2883 nce

80 2910 129 2995 qui
150 2935 263 2976 rmum.
295 2905 400 2978 Valde
425 2924 534 2976 autem
559 2905 711 2977 ridentur
729 2905 835 2989 etiam
863 2905 1040 3002 imagineS,
1058 2913 1106 2965 ²⁶⁶

78 3036 160 3108 quae
187 3011 258 3084 fere
281 3013 320 3084 ‘in
344 3012 610 3102 deformitatem,
637 3034 694 3086 aut
715 3013 749 3085 in
768 3014 904 3110 aliquod
919 3013 1041 3086 vit-ium

75 3125 232 3222 corporis
261 3125 426 3197 ducuntur
455 3145 532 3198 curn
555 3115 767 3198 similitudine
791 3120 976 3218 turpioris:
1003 3145 1041 3195 ut

74 3257 189 3308 meum
217 3234 298 3306 illud
317 3235 353 3306 in
380 3237 537 3313 Helvium
557 3236 751 3325 Manciam,
772 3237 844 3305 Iam
868 3233 1040 3336 estendam,

69 3347 251 3439 cuiusmodi
262 3346 342 3445 βε’.·
364 3371 441 3418 cum
462 3347 543 3449 ille,
558 3345 714 3448 Ostende,
735 3344 846 3438 quaeso
853 3370 870 3429 ,·
898 3342 1041 3416 dem‘on·

10 3474 13 3483 ’
68 3452 178 3530 stravi
193 3455 300 3554 digito
326 3457 449 3553 pidum
463 3456 595 3528 Gallum
615 3455 651 3525 in
664 3454 821 3528 Mariano
837 3452 930 3528 scuto
946 3455 1041 3526 Cirn-

66 3555 196 3653 brico,
219 3562 278 3634 sub
297 3563 426 3654 Novis,-
448 3561 647 3652 distortum,
670 3560 770 3634 eiesla
787 3559 1042 3659 lingua,buccis

66 3668 259 3745 fluentibus
276 3671 381 3744 :risus
403 3669 450 3763 est
476 3692 689 3744 commotusr
702 3669 782 3741 nihil
797 3691 868 3758 ,tarn
890 3665 1042 3740 Manciae

66 3780 184 3855 fimile
205 3785 314 3859 visum
333 3783 405 3857 est:
432 3805 469 3856 ut
493 3810 571 3857 cum
603 3786 687 3859 Tito
708 3782 866 3868 ‚Pinaria
892 3795 1043 3851 mentum

144 3886 236 3957 cicer.
267 3877 460 3979 OpcrsVol.
484 3885 536 3956 II.
624 3950 631 3963 ,
773 3878 872 3951 .M
990 3912 992 3917 ·
