2304 4304
248 285 252 292 ’
399 298 726 381 trauan·
980 334 1024 409 75

60 471 97 543 lo
123 486 308 569 apparatu,
333 494 416 568 pure
430 488 465 543 et
490 470 641 543 dilucide.
691 469 797 563 Quod
825 469 910 544 srtu
930 489 1029 563 tunc,
1045 504 1095 556 ψ

60 578 205 668 Crasse,
230 577 374 663 dixisleS,
388 577 447 675 qui
459 577 636 650 subsidium
650 579 777 649 orato'ri
790 603 831 649 ex
844 578 903 650 illis
916 578 1030 675 dispu-

60 683 272 775 tationibus,
297 683 418 780 quibus
443 681 633 779 philosophi
654 698 814 767 utuntur,
839 681 880 753 ad
898 681 1030 757 dicendi

60 797 228 893 copiam,
253 796 431 892 petendum
455 793 519 866 elle
532 794 632 891 paulo
658 810 732 865 ante
746 792 896 878 dicebas;
924 812 982 883 et,
1002 792 1053 864 fi·

59 909 124 982 tibi
141 936 209 1007 pro
230 912 265 982 P.
287 909 414 982 Rutilio
437 934 506 981 non
529 906 808 1004 philosophorum
829 928 950 992 more,
975 905 1030 977 sed

64 1039 127 1094 tuo
156 1024 295 1097 licuisset
309 1022 445 1095 dicere?
479 1021 632 1119 quamvis
653 1019 799 1092 scelerati
814 1017 861 1090 illi
882 1017 1031 1109 fuissent,

65 1130 162 1204 sicuti
175 1132 330 1224 fuerunt,
361 1129 507 1228 pestiferi
541 1131 632 1204 cives
653 1129 880 1226 supplicioque
913 1127 1032 1225 digni;

66 1260 178 1315 tamen
187 1267 323 1316 omnem
336 1267 455 1314 eorum
464 1241 747 1338 importunitatem
756 1239 926 1312 exintimis
935 1264 1031 1311 men-

64 1352 152 1425 tibus
174 1354 330 1427 evellisset
341 1353 394 1427 vis
412 1353 571 1426 orationis
594 1371 693 1424 tuae:
712 1376 800 1423 nunc
820 1351 891 1423 talis
922 1349 976 1423 vir
993 1376 1030 1422 a·

67 1462 179 1535 missus
200 1462 270 1553 est,
296 1464 376 1539 dum
398 1465 492 1536 causa
503 1465 550 1536 ita
560 1463 702 1552 dicitur,
727 1480 765 1533 ut
781 1462 852 1533 fiin
865 1463 918 1534 illa
931 1488 1028 1536 com-

66 1571 216 1644 mentitia
233 1573 377 1646 Platonis
404 1573 537 1647 civitate
555 1597 607 1645 res
620 1589 779 1670 ageretur.
804 1599 904 1644 nemo
931 1573 1028 1671 inge·
1062 1667 1065 1672 ι

66 1681 174 1771 muit,
198 1706 299 1754 nemo
308 1683 499 1757 inclamavit
512 1701 732 1778 patronorum
746 1734 757 1770 ,
773 1682 853 1752 nihil
872 1684 1029 1780 cuiquam

69 1789 202 1879 doluit,
223 1816 324 1864 nemo
350 1790 397 1862 est
418 1789 573 1888 questus,
598 1814 698 1862 nemo
716 1791 954 1886 rempublicam
964 1792 1029 1864 im-
1054 1838 1057 1845 ·

67 1898 238 1997 ploravit,
262 1925 363 1972 nemo
376 1899 581 1996 supplicavit.
630 1898 723 1993 Quid
746 1899 878 1997 multa?
909 1901 1028 1997 pedem
1110 1990 1114 1999 ι

66 2037 170 2084 nemo
192 2013 228 2084 in
247 2012 304 2084 illo
333 2011 457 2085 iudicio
476 2010 651 2107 supplosrt,
676 2012 808 2102 'cred0,
842 2036 884 2082 ne
909 2011 1029 2085 Stoicis

67 2124 318 2201 renuntiaretur.
366 2122 511 2195 Imitatus
525 2121 571 2195 est
586 2122 692 2196 homo
706 2125 876 2196 Romanus
898 2144 932 2196 et
944 2148 1030 2196 con·
1047 2153 1093 2229 54

67 2234 179 2308 sularis
190 2253 341 2310 veterem
365 2234 457 2306 illum
482 2238 677 2322 Socratem,
702 2237 786 2333 qui,
822 2262 926 2333 quum
949 2260 1090 2319 om-231

67 2347 161 2418 nium
174 2345 419 2443 sapientissimus
433 2344 533 2436 esset,
557 2345 812 2443 sanctissimeque
824 2344 971 2433 vixisset,
983 2347 1030 2419 ita

69 2453 243 2529 iniudicio
255 2456 369 2554 capitis
390 2482 454 2554 pro
476 2457 508 2529 se
530 2457 598 2551 ipse
612 2456 723 2546 dixit,
746 2473 784 2527 ut
811 2480 881 2527 non
892 2455 1030 2554 supplex

71 2582 124 2659 aut
140 2589 241 2650 reus,
265 2563 320 2635 sed
342 2562 520 2661 magister,
544 2580 600 2634 aut
612 2562 765 2636 dominus
782 2561 950 2639 videretur
963 2566 1041 2639 esse.

70 2672 226 2746 iudicum.
264 2675 489 2768 Quinetiam,
513 2700 617 2772 quum
630 2675 660 2746 ei
673 2673 824 2774 scriptam
838 2677 1027 2770 orationem

70 2784 290 2883 disertiffimus
315 2807 431 2859 orator
453 2784 566 2884 Lyfias
590 2785 765 2877 attulisset,
788 2813 914 2886 qnam,
948 2789 1027 2862 srei
1107 2776 1110 2781 ⁹

70 2894 265 2984 videretur,
288 2893 469 2984 edisceret,
494 2910 530 2966 ut
547 2892 675 2990 ea'pro
697 2895 729 2967 se
745 2895 780 2967 in
801 2896 927 2970 iudicio
953 2916 1027 2971 nte-

54 3006 180 3094 retur,
208 3029 279 3076 non
292 3005 416 3078 invitus
428 3004 526 3104 legit,
552 3022 585 3076 et
603 3007 781 3078 commode
794 3006 947 3102 scriptam
960 3010 1026 3080 effe

69 3113 170 3185 dixit:
197 3114 276 3203 sed,
294 3113 423 3212 inquit,
444 3134 519 3206 ut,
542 3114 567 3187 fi
587 3116 669 3187 mihi
691 3115 819 3188 calceos
844 3116 1025 3214 Sicyonios

67 3223 242 3314 attulisses,
266 3215 494 3313 non·11terer,
531 3225 683 3323 quamvis
714 3224 817 3297 essent
846 3225 967 3301 habiles
989 3247 1024 3303 et

68 3331 135 3428 apti
160 3332 202 3403 ad
213 3333 354 3428 pedem,
393 3334 471 3432 quia
492 3359 563 3405 non
580 3334 682 3406 essent
706 3334 841 3420 virilem
866 3333 910 3408 stc
934 3336 1023 3411 illam

68 3439 255 3523 orationem
268 3441 418 3515 disertam
428 3441 489 3513 fibi
502 3459 535 3512 et
547 3442 726 3515 oratoriam
744 3441 872 3533 videri,
898 3442 1022 3518 fortem
1088 3446 1091 3452 ’

66 3561 99 3615 et
119 3547 252 3619 virilem
270 3573 339 3620 non
356 3549 474 3622 videri.
521 3553 611 3650 Ergo
629 3550 681 3622 ille
694 3577 827 3649 quoque
850 3554 1022 3624 damnatus
1132 3538 1135 3543 ¹

66 3653 135 3726 estc
160 3680 268 3754 neque
288 3657 395 3730 solum
412 3657 525 3754 primis
542 3658 727 3756 sententiis,
751 3660 868 3757 quibus
885 3660 1025 3730 tantum.

64 3763 245 3844 stamehant
259 3770 402 3864 iudces,
426 3770 640 3859 damnarent,
661 3797 702 3873 an
724 3771 930 3847 absolverent
940 3823 952 3858 ‚
965 3769 1021 3847 sed
