2302 4304
144 307 214 406 ιω
467 268 781 381 BRUTO&

140 471 184 544 ad
206 465 450 544 Hortenfium:
481 467 523 542 de
547 493 601 541 me
620 467 674 541 alii
693 467 824 552 dicent,
850 462 875 537 fi
899 464 958 565 qui
974 456 1100 541 ⁴voleat

44 622 47 627 ·
133 582 283 667 ‘Minime
303 605 389 656 vero
402 635 414 687 t
429 582 546 682 inquit
568 608 646 656 nam
667 580 725 658 etfi
750 600 806 655 me
826 579 1034 656 facile-omni
1045 602 1099 656 tuo

139 688 292 766 'sermone
307 689 461 779 tentasti,
486 713 598 768 tamen
628 695 656 767 is
685 692 767 764 mihi
787 691 924 790 longior
944 690 1097 782 videtur,

139 800 233 905 quod
247 823 393 897 propero
406 800 519 874 audire
543 802 585 874 de
598 820 659 888 te;
677 826 738 875 nec
756 826 842 875 vero
855 824 926 874 tam
939 802 981 874 de
993 803 1095 877 virtu·

140 907 228 982 'ribus
237 906 368 981 dicendi
381 909 472 1000 tuis,
496 934 580 1008 quae
604 935 681 982 cum
707 908 892 999 omnibus,
920 930 994 982 tum
1015 928 1095 983 certe

138 1023 223 1098 mihi
245 1020 427 1096 notiffimae
449 1023 540 1115 sunt,
568 1049 668 1123 qatam
691 1021 784 1122 quod
806 1020 928 1119 gradus
946 1044 1043 1112 tuos,
1066 1042 1094 1094 et

71 1158 117 1220 ις,
140 1133 230 1232 quasi
243 1131 410 1235 procellus
420 1131 553 1205 dicendi
572 1130 686 1205 studeo
708 1128 931 1228 cognoscere.¹
950 1131 1094 1218 Gerena,

26 1247 28 1252 '
138 1243 291 1341 inquam,
306 1227 367 1314 tibi
385 1266 505 1328 mos;
511 1243 672 1343 quoniam
701 1263 838 1311 menon
853 1238 985 1342 ingenii
1005 1264 1091 1341 prae·

138 1341 321 1425 dicatorem
343 1337 462 1419 effe
429 1375 498 1451 vrs,
523 1348 579 1422 sed
591 1347 713 1422 laboris
727 1345 803 1419 mei.
851 1346 1012 1417 Verum
1003 1363 1090 1419 mter·

137 1461 281 1559 p'onam,
305 1480 343 1536 ut
365 1462 488 1560 placet,
515 1461 622 1550 alios,
646 1477 683 1532 et
708 1460 790 1531 aM
802 1418 943 1549 Crat'sd,
968 1444 1090 1595 qullbit

30 1582 33 1589 ‘
136 1575 280 1701 aequalis
305 1572 500 1664 Hortensii,
523 1572 689 1648 exordiar

70 1686 116 1760 66
184 1684 243 1757 ls
234 1703 335 1784 igitur
357 1672 570 1760 mediocriter
588 1684 770 1757 adodlrina
784 1637 999 1756 instructus
963 1707 1088 1783 ,ango

135 1780 214 1866 llius
240 1794 338 1867 etiam
358 1809 528 1884 anatura,
557 1782 670 1868 labore
688 1808 721 1864 et
743 1778 922 1882 industria,
945 1810 980 1904 et
1001 1788 1087 1891 quod

135 1909 311 1986 adhibebat
343 1908 385 1983 ad
420 1898 628 1987 obtinendas
650 1907 758 1982 causas
788 1931 903 1980 curam
933 1893 1033 1980 etiam
1059 1922 1087 1978 et

134 2016 297 2117 gratiam,
320 2006 356 2089 in
373 2007 580 2114 principibus
592 2017 738 2114 patronis
760 2002 888 2112 aliquot
902 2039 1009 2088 annor
1024 2013 1087 2089 fuir

135 2130 172 2200 ln
186 2122 281 2202 huius
294 2130 445 2203 oratione
459 2129 568 2202 sermo
582 2128 714 2201 Latinus
728 2144 817 2213 erat,
842 2125 947 2198 verba
958 2151 1027 2198 non
1040 2125 1088 2198 ab·

133 2230 240 2327 iectu,
264 2262 316 2311 res
325 2236 527 2335 compofirae
550 2234 743 2336 diligentem
770 2232 876 2307 nullus
894 2219 959 2308 llos
972 2255 1088 2324 tamen,

133 2373 241 2448 neque
265 2339 376 2423 lumen
404 2350 527 2437 ullium
572 2349 673 2421 animi
702 2372 838 2444 magna,
872 2346 971 2419 vocis
991 2365 1087 2443 parva

133 2461 331 2552 contentio,
350 2460 462 2534 omnia
485 2459 554 2534 fere
571 2480 608 2533 ut
620 2457 764 2530 fimtbrer
776 2477 875 2556 atque
894 2484 965 2532 uno
988 2459 1087 2531 modo

132 2568 328 2640 dicerentur.
376 2560 464 2641 Nam
480 2567 725 2671 huiusaequalis
740 2576 773 2640 e't
786 2566 990 2640 inimicusC.
1006 2555 1086 2638 Fim-
1098 2601 1102 2608 ·

130 2662 222 2763 bria,
244 2676 378 2748 nonita
404 2667 592 2752 dibiadare
615 2678 647 2752 se
661 2680 784 2787 potuit:
798 2679 856 2776 qui
870 2679 985 2750 omnia
1001 2692 1086 2774 mag·

130 2810 172 2856 na
184 2808 271 2860 voce
282 2785 408 2907 dicens,
425 2782 619 2866 verborum
625 2792 699 2866 sane
709 2781 877 2865 bonorum
893 2791 991 2865 cursu
1002 2817 1085 2890 quo·

129 2889 237 2967 dam
228 2894 387 2988 mcitato,
412 2899 458 2972 ita
472 2899 601 2974 furebat
614 2924 746 2993 tamen,
764 2920 800 2974 ut
812 2926 968 2975 mirarere
977 2920 1084 2974 tama·

61 3009 188 3084 lias
206 3033 259 3083 res
278 3034 373 3110 agere
398 3013 577 3110 populum,
603 3034 640 3087 ut
663 3014 743 3087 effer
757 3012 892 3086 insano
883 3032 972 3085 mter
990 3002 1082 3084 diser·
1091 3021 1097 3085 s

62 3152 109 3207 4
77 3134 181 3207 tos
201 3120 305 3194 locus
346 3119 409 3195 Cra
434 3138 543 3193 autem
556 3113 714 3195 Lentulus
735 3121 839 3195 multo
861 3112 1025 3192 maiorem
1044 3141 1104 3214 os

125 3250 298 3325 ριιιιοιιειιι
308 3229 438 3304 d1cend1
456 3229 584 3305 adlione
597 3223 764 3322 faciebat,
784 3255 886 3332 quam
907 3247 1032 3327 quanta
1049 3228 1079 3300 in

126 3363 169 3410 eo
183 3339 318 3415 facultas
331 3361 417 3415 erat:
429 3342 486 3439 qui
499 3368 576 3416 cum
594 3337 672 3416 ellet
685 3369 746 3416 nec
760 3357 936 3440 peracutus
951 3336 1081 3438 (quana
1127 3342 1129 3359 '

125 3461 226 3545 quam
247 3465 280 3521 et
301 3474 343 3521 ex
357 3450 439 3524 facie
451 3471 485 3526 et
500 3479 542 3527 cx
554 3453 648 3526 vultu
663 3447 865 3547 videbatur)
879 3503 891 3539 ,
908 3472 971 3520 nec
986 3449 1081 3520 abun·

126 3560 207 3634 dans
219 3561 330 3636 verbis
356 3560 436 3661 (etsl
459 3563 588 3637 fallebat
600 3564 636 3634 in
654 3585 696 3635 eo
713 3558 841 3657 ipso);
862 3557 906 3629 fic
925 3556 1080 3632 interval·

124 3672 188 3759 lis,
210 3674 524 3765 exclamationibus,
561 3698 648 3749 voce
681 3672 774 3745 suavi
799 3688 832 3742 er
856 3695 1006 3760 canora,
1028 3666 1080 3740 ad·

124 3784 279 3862 mirando
294 3785 486 3878 irretiebat,
508 3784 635 3861 calebat
654 3782 691 3858 in
704 3776 860 3881 agendo,
883 3795 978 3855 urea
1002 3797 1079 3879 quac
