2304 4304
347 276 675 353 LIBERII.
943 306 1005 360 rrr

48 421 186 526 dicerit,
201 430 295 533 pod'e
313 462 391 510 eum
412 439 557 514 cuiusvis
573 441 629 514 vel
644 441 789 531 formae,
808 443 867 518 vel*
882 449 1011 538 aeratis,

51 546 177 620 etiamfi
202 571 275 622 non
301 549 470 637 didicerit,
489 551 646 650 pingere;
663 577 775 650 neque
797 555 862 628 effe
881 558 1012 654 pericu·

52 656 134 745 lum,
162 658 224 756 qui
249 657 401 746 leonem,
426 676 483 730 aut
500 677 630 732 taurum
660 660 773 759 pingat
800 665 950 762 egregie,
968 691 1016 742 ne

53 769 141 844 idem
177 771 215 843 in
251 770 363 844 multis
396 771 465 845 aliis
503 771 772 870 quadrupedibus
804 772 912 846 facere
943 794 1014 850 non

56 880 171 978 poffit:
185 879 314 980 (neque
335 877 383 954 est
406 882 547 954 omnino
568 872 620 954 ars
643 879 723 968 ulla,
748 879 784 951 in
803 904 869 979 qua
890 884 1017 974 omia,
1054 958 1057 964 A

56 1019 136 1092 quae
164 985 220 1066 ilia
241 1011 311 1068 arte
335 995 424 1069 effici
449 993 593 1092 poffunt,
617 1017 637 1064 a
663 992 802 1066 dodore
827 992 1025 1066 tradantur:-

57 1100 108 1174 sed
134 1102 198 1202 qui
218 1102 399 1199 primamm
419 1120 454 1175 et
473 1123 641 1176 certarum
668 1123 782 1175 rerum
806 1124 926 1198 genera
949 1100 1018 1201 ipsa
1074 1112 1077 1119 '

59 1210 255 1301 didicerunt,
272 1211 397 1310 reliqua
413 1227 486 1283 non
502 1208 720 1285 incommode
739 1208 1015 1317 persequunturz)

59 1325 202 1402 fimiiiter
226 1325 387 1416 arbitror,
411 1326 447 1398 in
473 1324 535 1397 hac
560 1322 635 1410 five,
660 1321 807 1412 ratione,
828 1320 897 1398 five
922 1348 1018 1397 exer·
1032 1337 1067 1389 ⁷·

53 1437 213 1511 *datione
225 1431 883 1536 dicendi,quiiiiamvimadeptusfit,ut
896 1456 1017 1509 eorum

59 1545 586 1647 mentes,quiautderepublica,
597 1562 654 1617 aut
667 1543 709 1617 de
720 1540 819 1639 ipfius
830 1538 929 1616 rehtu
935 1596 947 1633 ,
960 1561 1018 1618 aut

60 1655 97 1728 de
111 1655 170 1742 iis,
187 1672 309 1728 contra
321 1677 423 1754 quos,
438 1654 498 1746 aut
511 1673 576 1749 pro
592 1648 714 1748 quibus
737 1646 842 1736 dicat,
864 1671 941 1720 cum
961 1649 1021 1722 ali·

59 1791 122 1866 qua
146 1765 309 1840 statumdi
340 1762 499 1863 potestate
528 1761 681 1849 audiant,
707 1758 750 1830 ad
774 1752 868 1830 suum
889 1754 1021 1830 arbitri·

20 1860 23 1867 ⁴
59 1898 117 1949 um
143 1899 284 1951 movere
312 1874 427 1973 podir,
451 1873 541 1948 hunc
571 1871 614 1946 de
639 1886 715 1945 toto
743 1867 801 1941 illo
828 1894 947 1967 genere
966 1895 1021 1943 re·

60 1986 225 2086 liquarum
253 1988 442 2060 orationum
473 2008 543 2057 non
576 1983 648 2082 plus
682 1972 901 2081 qenesrtunnn
933 1981 1019 2072 effe,

60 2102 145 2200 <prid
166 2103 269 2189 dicat,
296 2100 399 2203 quarn
419 2100 626 2201 Polycletum
653 2096 766 2188 illum,
790 2121 868 2170 cum
891 2098 1022 2171 Hercu·

60 2214 126 2290 lem
150 2212 312 2314 fingebat,
331 2212 614 2313 quemadmodum
635 2207 772 2306 pellem,
793 2228 850 2280 aut
876 2205 1021 2306 hydram

60 2322 224 2422 fingerm
247 2325 372 2400 etionst
402 2325 483 2398 haec
506 2342 682 2419 nunquam,
710 2314 881 2413 separatim
910 2312 1020 2389 facere

62 2429 235 2506 didiciffet
332 2467 336 2474 ·
472 2480 475 2488 .

111 2539 203 2613 Tum
230 2539 385 2616 Candor:
415 2538 584 2614 Praeclare
615 2532 699 2607 mihi
723 2530 864 2622 videtis,
883 2528 1021 2622 Antoni,
1041 2548 1085 2631 tp

63 2645 208 2743 posuiffe
230 2667 315 2721 ante·
327 2649 463 2736 oculos,
483 2644 566 2744 quid
590 2641 713 2716 discere
737 2660 911 2739 oporteret
931 2666 1022 2737 eum,
1037 2666 1069 2715 7¹

64 2753 127 2853 qui
154 2778 271 2830 orator
297 2754 375 2832 effet
403 2756 551 2845 firtunu,
572 2753 658 2854 quid·
680 2753 800 2845 etiam,
815 2753 855 2840 ,st
879 2777 951 2826 non
970 2753 1023 2828 di-

66 2863 209 2956 dicisset,
238 2890 282 2941 ex
310 2892 370 2954 eo,
401 2864 496 2969 quod
519 2861 700 2954 didiciffet,
717 2862 904 2957 »affiunerep
919 2865 1024 2939 dedu·

57 2967 144 3062 31ίῆ
171 2972 261 3045 enim
285 2989 396 3044 totum
424 2969 597 3042 hominem
617 2968 654 3039 in
676 2966 746 3038 duo
770 2966 877 3039 solum
904 2989 1023 3064 genera
1086 3066 1091 3073 ἱ

65 3078 258 3174 causarum,
292 3099 400 3156 cetera
431 3077 679 3151 innumerabilia
712 3074 960 3171 exercitationi,
990 3099 1024 3151 et

65 3183 272 3261 similimdini
297 3181 462 3284 reliquisti.
486 3181 553 3256 Sed
569 3181 704 3271 videto,
728 3180 828 3284 neuin
852 3178 918 3251 istis
941 3181 1023 3257 duo-

66 3294 320 3399 bus-generibus
340 3295 520 3397 hydratibi
545 3293 605 3382 stt,
619 3308 653 3364 et
664 3281 779 3387 pellis:
792 3288 950 3364 Hercules
967 3318 1024 3381 au-

66 3431 152 3499 tem,
175 3434 210 3485 et
226 3411 288 3484 alia
308 3431 413 3506 opera
432 3406 578 3495 maiora,
600 3428 643 3476 ne
669 3403 705 3474 in
728 3399 922 3490 illisrebus,
943 3425 1027 3503 quae

63 3521 321 3620 praetennittis,
334 3517 568 3617 relinquantur.
589 3513 675 3605 *Non
701 3512 790 3585 enirn
807 3509 891 3585 mihi
914 3514 1024 3589 minus
1041 3497 1047 3523 '
1073 3568 1075 3572 »

65 3631 181 3729 operis
199 3629 334 3704 videtur
354 3623 396 3700 de
412 3622 568 3700 uniuerso
586 3618 758 3722 generibus
774 3646 906 3710 rerum,
922 3644 1022 3716 quam

64 3745 112 3820 de
138 3743 343 3844 singulorum
371 3737 492 3831 eamn,
517 3762 556 3817 ac
585 3735 692 3814 multo
721 3735 819 3810 etiam
847 3731 952 3807 maim
979 3731 1022 3809 de
1072 3823 1075 3837 Ι
