<?xml version="1.0" encoding="UTF-8"?>
<!DOCTYPE html PUBLIC "-//W3C//DTD XHTML 1.0 Transitional//EN"
    "http://www.w3.org/TR/xhtml1/DTD/xhtml1-transitional.dtd">
<html xmlns="http://www.w3.org/1999/xhtml" xml:lang="en" lang="en">
 <head>
  <title>
</title>
<meta http-equiv="Content-Type" content="text/html;charset=utf-8" />
  <meta name='ocr-system' content='tesseract 3.04.00' />
  <meta name='ocr-capabilities' content='ocr_page ocr_carea ocr_par ocr_line ocrx_word'/>
</head>
<body>
  <div class='ocr_page' id='page_1' title='image "./mtulliiciceroni00plutgoog_0339.png"; bbox 0 0 2302 4304; ppageno 0'>
   <div class='ocr_carea' id='block_1_1' title="bbox 84 313 760 415">
    <p class='ocr_par' dir='ltr' id='par_1_1' title="bbox 84 313 760 415">
     <span class='ocr_line' id='line_1_1' title="bbox 84 313 760 415; baseline -0.007 -24"><span class='ocrx_word' id='word_1_1' title='bbox 84 339 196 414; x_wconf 71' lang='grc' dir='ltr'>,3μ</span> <span class='ocrx_word' id='word_1_2' title='bbox 452 313 760 415; x_wconf 68' lang='lat' dir='ltr'>BRUTuu</span> 
     </span>
    </p>
   </div>
   <div class='ocr_carea' id='block_1_2' title="bbox 47 451 1121 3776">
    <p class='ocr_par' dir='ltr' id='par_1_2' title="bbox 47 451 1121 3776">
     <span class='ocr_line' id='line_1_2' title="bbox 126 451 1121 573; baseline 0.001 -26"><span class='ocrx_word' id='word_1_3' title='bbox 126 475 297 548; x_wconf 86' lang='lat' dir='ltr'>deducere.</span> <span class='ocrx_word' id='word_1_4' title='bbox 348 473 467 547; x_wconf 24' lang='lat' dir='ltr'>Exstat*</span> <span class='ocrx_word' id='word_1_5' title='bbox 482 475 517 546; x_wconf 90' lang='lat' dir='ltr'>in</span> <span class='ocrx_word' id='word_1_6' title='bbox 533 498 606 547; x_wconf 86' lang='lat' dir='ltr'>eam</span> <span class='ocrx_word' id='word_1_7' title='bbox 628 476 734 573; x_wconf 83' lang='lat' dir='ltr'>legem</span> <span class='ocrx_word' id='word_1_8' title='bbox 756 470 886 562; x_wconf 70' lang='lat' dir='ltr'>senior,</span> <span class='ocrx_word' id='word_1_9' title='bbox 912 487 951 546; x_wconf 89' lang='lat' dir='ltr'>ut</span> <span class='ocrx_word' id='word_1_10' title='bbox 964 472 1011 546; x_wconf 88' lang='lat' dir='ltr'>ita</span> <span class='ocrx_word' id='word_1_11' title='bbox 1032 473 1080 548; x_wconf 90' lang='lat' dir='ltr'>di·</span> <span class='ocrx_word' id='word_1_12' title='bbox 1119 451 1121 480; x_wconf 55' lang='grc' dir='ltr'>Ι</span> 
     </span>
     <span class='ocr_line' id='line_1_3' title="bbox 128 580 1079 680; baseline 0.002 -25"><span class='ocrx_word' id='word_1_13' title='bbox 128 608 232 669; x_wconf 84' lang='lat' dir='ltr'>cam,</span> <span class='ocrx_word' id='word_1_14' title='bbox 271 605 370 680; x_wconf 90' lang='lat' dir='ltr'>quam</span> <span class='ocrx_word' id='word_1_15' title='bbox 403 580 457 654; x_wconf 88' lang='lat' dir='ltr'>illa</span> <span class='ocrx_word' id='word_1_16' title='bbox 491 600 577 656; x_wconf 84' lang='lat' dir='ltr'>aetas</span> <span class='ocrx_word' id='word_1_17' title='bbox 605 581 753 672; x_wconf 88' lang='lat' dir='ltr'>ferebat,</span> <span class='ocrx_word' id='word_1_18' title='bbox 785 580 909 657; x_wconf 87' lang='lat' dir='ltr'>oratio.</span> <span class='ocrx_word' id='word_1_19' title='bbox 961 585 1079 657; x_wconf 79' lang='lat' dir='ltr'>Multae</span> 
     </span>
     <span class='ocr_line' id='line_1_4' title="bbox 129 689 1077 782; baseline 0.002 -20"><span class='ocrx_word' id='word_1_20' title='bbox 129 691 247 763; x_wconf 87' lang='lat' dir='ltr'>deinde</span> <span class='ocrx_word' id='word_1_21' title='bbox 271 691 403 778; x_wconf 83' lang='lat' dir='ltr'>causae3</span> <span class='ocrx_word' id='word_1_22' title='bbox 435 689 491 764; x_wconf 89' lang='lat' dir='ltr'>sed</span> <span class='ocrx_word' id='word_1_23' title='bbox 518 692 564 765; x_wconf 88' lang='lat' dir='ltr'>ita</span> <span class='ocrx_word' id='word_1_24' title='bbox 584 692 699 765; x_wconf 86' lang='lat' dir='ltr'>tacitus</span> <span class='ocrx_word' id='word_1_25' title='bbox 716 690 919 781; x_wconf 84' lang='lat' dir='ltr'><strong>tribunatus,</strong></span> <span class='ocrx_word' id='word_1_26' title='bbox 943 712 999 782; x_wconf 88' lang='lat' dir='ltr'>ut,</span> <span class='ocrx_word' id='word_1_27' title='bbox 1023 692 1077 764; x_wconf 78' lang='lat' dir='ltr'>nisi</span> 
     </span>
     <span class='ocr_line' id='line_1_5' title="bbox 128 801 1077 900; baseline 0 -24"><span class='ocrx_word' id='word_1_28' title='bbox 128 801 166 876; x_wconf 89' lang='lat' dir='ltr'>in</span> <span class='ocrx_word' id='word_1_29' title='bbox 184 827 226 874; x_wconf 90' lang='lat' dir='ltr'>eo</span> <span class='ocrx_word' id='word_1_30' title='bbox 246 802 432 900; x_wconf 86' lang='lat' dir='ltr'>magishatu</span> <span class='ocrx_word' id='word_1_31' title='bbox 451 802 651 877; x_wconf 81' lang='lat' dir='ltr'>coenavisset</span> <span class='ocrx_word' id='word_1_32' title='bbox 673 802 760 900; x_wconf 88' lang='lat' dir='ltr'>apud</span> <span class='ocrx_word' id='word_1_33' title='bbox 780 827 982 898; x_wconf 86' lang='lat' dir='ltr'>praeconem</span> <span class='ocrx_word' id='word_1_34' title='bbox 999 806 1077 877; x_wconf 88' lang='lat' dir='ltr'>Gra-</span> 
     </span>
     <span class='ocr_line' id='line_1_6' title="bbox 129 912 1076 1017; baseline 0.002 -34"><span class='ocrx_word' id='word_1_35' title='bbox 129 913 240 1010; x_wconf 54' lang='lat' dir='ltr'>nium,</span> <span class='ocrx_word' id='word_1_36' title='bbox 264 914 363 1010; x_wconf 88' lang='lat' dir='ltr'>idque</span> <span class='ocrx_word' id='word_1_37' title='bbox 387 914 484 986; x_wconf 88' lang='lat' dir='ltr'>nobis</span> <span class='ocrx_word' id='word_1_38' title='bbox 501 914 551 1017; x_wconf 85' lang='lat' dir='ltr'>bis</span> <span class='ocrx_word' id='word_1_39' title='bbox 574 913 764 989; x_wconf 74' lang='lat' dir='ltr'>narravisset</span> <span class='ocrx_word' id='word_1_40' title='bbox 783 912 949 1003; x_wconf 79' lang='lat' dir='ltr'>Lucilius,</span> <span class='ocrx_word' id='word_1_41' title='bbox 977 914 1076 986; x_wconf 90' lang='lat' dir='ltr'>tribu·</span> 
     </span>
     <span class='ocr_line' id='line_1_7' title="bbox 65 1018 1076 1127; baseline -0.001 -32"><span class='ocrx_word' id='word_1_42' title='bbox 65 1037 109 1091; x_wconf 82' lang='lat'>161</span> <span class='ocrx_word' id='word_1_43' title='bbox 121 1025 342 1127; x_wconf 32' lang='lat' dir='ltr'>&#39;numplebia</span> <span class='ocrx_word' id='word_1_44' title='bbox 355 1024 552 1097; x_wconf 86' lang='lat' dir='ltr'>nesciremus</span> <span class='ocrx_word' id='word_1_45' title='bbox 576 1021 679 1094; x_wconf 79' lang='lat' dir='ltr'>fuisse.</span> <span class='ocrx_word' id='word_1_46' title='bbox 727 1024 774 1094; x_wconf 88' lang='lat' dir='ltr'>lta</span> <span class='ocrx_word' id='word_1_47' title='bbox 798 1018 955 1115; x_wconf 83' lang='lat' dir='ltr'>prorsus,</span> <span class='ocrx_word' id='word_1_48' title='bbox 978 1022 1076 1118; x_wconf 88' lang='lat' dir='ltr'>inquit</span> 
     </span>
     <span class='ocr_line' id='line_1_8' title="bbox 128 1130 1076 1228; baseline 0 -23"><span class='ocrx_word' id='word_1_49' title='bbox 128 1134 266 1208; x_wconf 85' lang='lat' dir='ltr'><strong>Brutus:</strong></span> <span class='ocrx_word' id='word_1_50' title='bbox 306 1134 361 1206; x_wconf 89' lang='lat' dir='ltr'>sed</span> <span class='ocrx_word' id='word_1_51' title='bbox 395 1159 438 1206; x_wconf 91' lang='lat' dir='ltr'>ne</span> <span class='ocrx_word' id='word_1_52' title='bbox 475 1135 515 1205; x_wconf 91' lang='lat' dir='ltr'>de</span> <span class='ocrx_word' id='word_1_53' title='bbox 543 1131 720 1205; x_wconf 83' lang='lat' dir='ltr'>Scaevolae</span> <span class='ocrx_word' id='word_1_54' title='bbox 757 1130 893 1228; x_wconf 90' lang='lat' dir='ltr'>quidem</span> <span class='ocrx_word' id='word_1_55' title='bbox 918 1131 1076 1213; x_wconf 77' lang='lat' dir='ltr'><strong>tribunatu</strong></span> 
     </span>
     <span class='ocr_line' id='line_1_9' title="bbox 128 1237 1076 1345; baseline -0.006 -27"><span class='ocrx_word' id='word_1_56' title='bbox 128 1248 310 1345; x_wconf 78' lang='lat' dir='ltr'>quidquam</span> <span class='ocrx_word' id='word_1_57' title='bbox 325 1242 484 1319; x_wconf 75' lang='lat' dir='ltr'>audiuisse</span> <span class='ocrx_word' id='word_1_58' title='bbox 504 1245 642 1334; x_wconf 83' lang='lat' dir='ltr'>videor,</span> <span class='ocrx_word' id='word_1_59' title='bbox 666 1261 700 1314; x_wconf 90' lang='lat' dir='ltr'>et</span> <span class='ocrx_word' id='word_1_60' title='bbox 713 1267 790 1314; x_wconf 91' lang='lat' dir='ltr'>eum</span> <span class='ocrx_word' id='word_1_61' title='bbox 808 1241 972 1340; x_wconf 82' lang='lat' dir='ltr'>collegam</span> <span class='ocrx_word' id='word_1_62' title='bbox 984 1237 1076 1313; x_wconf 87' lang='lat' dir='ltr'>Craffi</span> 
     </span>
     <span class='ocr_line' id='line_1_10' title="bbox 128 1347 1116 1449; baseline -0.004 -25"><span class='ocrx_word' id='word_1_63' title='bbox 128 1353 232 1424; x_wconf 84' lang='lat' dir='ltr'>credo</span> <span class='ocrx_word' id='word_1_64' title='bbox 250 1352 351 1423; x_wconf 78' lang='lat' dir='ltr'>luisse.</span> <span class='ocrx_word' id='word_1_65' title='bbox 402 1352 567 1423; x_wconf 85' lang='lat' dir='ltr'>Omnibus</span> <span class='ocrx_word' id='word_1_66' title='bbox 586 1352 722 1449; x_wconf 92' lang='lat' dir='ltr'>quidem</span> <span class='ocrx_word' id='word_1_67' title='bbox 744 1349 841 1435; x_wconf 74' lang='lat' dir='ltr'>aliis,v</span> <span class='ocrx_word' id='word_1_68' title='bbox 857 1350 1019 1448; x_wconf 88' lang='lat' dir='ltr'>inquam,</span> <span class='ocrx_word' id='word_1_69' title='bbox 1047 1347 1077 1420; x_wconf 89' lang='lat' dir='ltr'>in</span> <span class='ocrx_word' id='word_1_70' title='bbox 1113 1438 1116 1443; x_wconf 20' lang='grc' dir='ltr'><strong><em>Ι</em></strong></span> 
     </span>
     <span class='ocr_line' id='line_1_11' title="bbox 128 1459 1077 1560; baseline -0.001 -29"><span class='ocrx_word' id='word_1_71' title='bbox 128 1459 391 1560; x_wconf 77' lang='lat' dir='ltr'>magistratibus,</span> <span class='ocrx_word' id='word_1_72' title='bbox 415 1461 469 1532; x_wconf 91' lang='lat' dir='ltr'>sed</span> <span class='ocrx_word' id='word_1_73' title='bbox 489 1461 639 1533; x_wconf 85' lang='lat' dir='ltr'>tribunus</span> <span class='ocrx_word' id='word_1_74' title='bbox 659 1485 748 1534; x_wconf 90' lang='lat' dir='ltr'>anno</span> <span class='ocrx_word' id='word_1_75' title='bbox 761 1459 846 1557; x_wconf 77' lang='lat' dir='ltr'>¹post</span> <span class='ocrx_word' id='word_1_76' title='bbox 869 1459 952 1550; x_wconf 86' lang='lat' dir='ltr'>suit,</span> <span class='ocrx_word' id='word_1_77' title='bbox 980 1473 1077 1556; x_wconf 81' lang='lat' dir='ltr'>eoque</span> 
     </span>
     <span class='ocr_line' id='line_1_12' title="bbox 128 1565 1077 1668; baseline -0.006 -26"><span class='ocrx_word' id='word_1_78' title='bbox 128 1569 164 1642; x_wconf 92' lang='lat' dir='ltr'>in</span> <span class='ocrx_word' id='word_1_79' title='bbox 196 1567 307 1643; x_wconf 85' lang='lat' dir='ltr'>rostris</span> <span class='ocrx_word' id='word_1_80' title='bbox 338 1570 467 1642; x_wconf 86' lang='lat' dir='ltr'>sedente</span> <span class='ocrx_word' id='word_1_81' title='bbox 494 1569 587 1643; x_wconf 83' lang='lat' dir='ltr'>suafit</span> <span class='ocrx_word' id='word_1_82' title='bbox 613 1571 784 1644; x_wconf 87' lang='lat' dir='ltr'>Serviliam</span> <span class='ocrx_word' id='word_1_83' title='bbox 810 1569 917 1668; x_wconf 84' lang='lat' dir='ltr'>legem</span> <span class='ocrx_word' id='word_1_84' title='bbox 948 1565 1077 1641; x_wconf 79' lang='lat' dir='ltr'><strong>Crassus.</strong></span> 
     </span>
     <span class='ocr_line' id='line_1_13' title="bbox 128 1680 1077 1780; baseline -0.003 -27"><span class='ocrx_word' id='word_1_85' title='bbox 128 1684 217 1754; x_wconf 90' lang='lat' dir='ltr'>Nam</span> <span class='ocrx_word' id='word_1_86' title='bbox 240 1680 410 1755; x_wconf 81' lang='lat' dir='ltr'>censuram</span> <span class='ocrx_word' id='word_1_87' title='bbox 429 1682 494 1753; x_wconf 88' lang='lat' dir='ltr'>fine</span> <span class='ocrx_word' id='word_1_88' title='bbox 512 1682 670 1756; x_wconf 86' lang='lat' dir='ltr'>Scaevola</span> <span class='ocrx_word' id='word_1_89' title='bbox 696 1680 795 1780; x_wconf 77' lang='lat' dir='ltr'>geshu</span> <span class='ocrx_word' id='word_1_90' title='bbox 813 1705 891 1752; x_wconf 89' lang='lat' dir='ltr'>eum</span> <span class='ocrx_word' id='word_1_91' title='bbox 910 1680 1000 1751; x_wconf 89' lang='lat' dir='ltr'>enim</span> <span class='ocrx_word' id='word_1_92' title='bbox 1018 1703 1077 1750; x_wconf 89' lang='lat' dir='ltr'>ma·</span> 
     </span>
     <span class='ocr_line' id='line_1_14' title="bbox 129 1787 1078 1891; baseline -0.003 -28"><span class='ocrx_word' id='word_1_93' title='bbox 129 1790 299 1888; x_wconf 85' lang='lat' dir='ltr'>gistratum</span> <span class='ocrx_word' id='word_1_94' title='bbox 318 1817 419 1864; x_wconf 90' lang='lat' dir='ltr'>nemo</span> <span class='ocrx_word' id='word_1_95' title='bbox 436 1818 583 1891; x_wconf 90' lang='lat' dir='ltr'>unquam</span> <span class='ocrx_word' id='word_1_96' title='bbox 612 1792 845 1866; x_wconf 84' lang='lat' dir='ltr'>Scaevolarum</span> <span class='ocrx_word' id='word_1_97' title='bbox 869 1791 998 1888; x_wconf 64' lang='lat' dir='ltr'>petivit</span> <span class='ocrx_word' id='word_1_98' title='bbox 1022 1787 1078 1860; x_wconf 89' lang='lat' dir='ltr'>Sed</span> 
     </span>
     <span class='ocr_line' id='line_1_15' title="bbox 130 1899 1078 2000; baseline 0.002 -30"><span class='ocrx_word' id='word_1_99' title='bbox 130 1899 212 1973; x_wconf 90' lang='lat' dir='ltr'>haec</span> <span class='ocrx_word' id='word_1_100' title='bbox 234 1900 338 1972; x_wconf 84' lang='lat' dir='ltr'>Craffi</span> <span class='ocrx_word' id='word_1_101' title='bbox 361 1929 437 1974; x_wconf 91' lang='lat' dir='ltr'>cum</span> <span class='ocrx_word' id='word_1_102' title='bbox 461 1903 549 1976; x_wconf 91' lang='lat' dir='ltr'>edita</span> <span class='ocrx_word' id='word_1_103' title='bbox 571 1904 680 1984; x_wconf 82' lang='lat' dir='ltr'>oratio</span> <span class='ocrx_word' id='word_1_104' title='bbox 709 1902 777 1992; x_wconf 90' lang='lat' dir='ltr'>est,</span> <span class='ocrx_word' id='word_1_105' title='bbox 810 1928 911 2000; x_wconf 84' lang='lat' dir='ltr'>quam</span> <span class='ocrx_word' id='word_1_106' title='bbox 938 1919 971 1976; x_wconf 91' lang='lat' dir='ltr'>te</span> <span class='ocrx_word' id='word_1_107' title='bbox 993 1900 1078 1996; x_wconf 89' lang='lat' dir='ltr'>saepe</span> 
     </span>
     <span class='ocr_line' id='line_1_16' title="bbox 128 2010 1079 2115; baseline -0.003 -30"><span class='ocrx_word' id='word_1_108' title='bbox 128 2013 237 2112; x_wconf 82' lang='lat' dir='ltr'>legisse</span> <span class='ocrx_word' id='word_1_109' title='bbox 258 2034 351 2088; x_wconf 88' lang='lat' dir='ltr'>certo</span> <span class='ocrx_word' id='word_1_110' title='bbox 372 2016 463 2104; x_wconf 90' lang='lat' dir='ltr'>scio,</span> <span class='ocrx_word' id='word_1_111' title='bbox 497 2039 640 2115; x_wconf 86' lang='lat' dir='ltr'>quatuor</span> <span class='ocrx_word' id='word_1_112' title='bbox 659 2038 691 2088; x_wconf 91' lang='lat' dir='ltr'>et</span> <span class='ocrx_word' id='word_1_113' title='bbox 713 2014 844 2113; x_wconf 81' lang='lat' dir='ltr'>triginta</span> <span class='ocrx_word' id='word_1_114' title='bbox 862 2037 936 2086; x_wconf 87' lang='lat' dir='ltr'>tum</span> <span class='ocrx_word' id='word_1_115' title='bbox 950 2010 1079 2085; x_wconf 82' lang='lat' dir='ltr'>habehat</span> 
     </span>
     <span class='ocr_line' id='line_1_17' title="bbox 65 2122 1079 2227; baseline -0.007 -28"><span class='ocrx_word' id='word_1_116' title='bbox 65 2144 69 2150; x_wconf 83' lang='lat'>&#39;</span> <span class='ocrx_word' id='word_1_117' title='bbox 128 2151 258 2217; x_wconf 88' lang='lat' dir='ltr'>annos,</span> <span class='ocrx_word' id='word_1_118' title='bbox 295 2129 503 2227; x_wconf 87' lang='lat' dir='ltr'>totidemque</span> <span class='ocrx_word' id='word_1_119' title='bbox 534 2131 626 2202; x_wconf 86' lang='lat' dir='ltr'>annis</span> <span class='ocrx_word' id='word_1_120' title='bbox 650 2128 732 2200; x_wconf 90' lang='lat' dir='ltr'>mihi</span> <span class='ocrx_word' id='word_1_121' title='bbox 762 2146 866 2198; x_wconf 88' lang='lat' dir='ltr'>aetate</span> <span class='ocrx_word' id='word_1_122' title='bbox 898 2122 1079 2221; x_wconf 78' lang='lat' dir='ltr'>praestabat.</span> 
     </span>
     <span class='ocr_line' id='line_1_18' title="bbox 128 2229 1079 2335; baseline -0.012 -22"><span class='ocrx_word' id='word_1_123' title='bbox 128 2239 190 2312; x_wconf 86' lang='lat' dir='ltr'>His</span> <span class='ocrx_word' id='word_1_124' title='bbox 206 2238 293 2309; x_wconf 90' lang='lat' dir='ltr'>enim</span> <span class='ocrx_word' id='word_1_125' title='bbox 315 2237 500 2310; x_wconf 92' lang='lat' dir='ltr'>consulibus</span> <span class='ocrx_word' id='word_1_126' title='bbox 521 2264 594 2309; x_wconf 87' lang='lat' dir='ltr'>eam</span> <span class='ocrx_word' id='word_1_127' title='bbox 613 2239 720 2335; x_wconf 86' lang='lat' dir='ltr'>legem</span> <span class='ocrx_word' id='word_1_128' title='bbox 741 2235 867 2325; x_wconf 87' lang='lat' dir='ltr'>suasit,.</span> <span class='ocrx_word' id='word_1_129' title='bbox 880 2233 1000 2332; x_wconf 86' lang='lat' dir='ltr'>quibus</span> <span class='ocrx_word' id='word_1_130' title='bbox 1020 2229 1079 2303; x_wconf 85' lang='lat' dir='ltr'>nati</span> 
     </span>
     <span class='ocr_line' id='line_1_19' title="bbox 127 2345 1079 2472; baseline -0.005 -53"><span class='ocrx_word' id='word_1_131' title='bbox 127 2346 260 2436; x_wconf 85' lang='lat' dir='ltr'>sumus,</span> <span class='ocrx_word' id='word_1_132' title='bbox 286 2373 362 2419; x_wconf 92' lang='lat' dir='ltr'>cum</span> <span class='ocrx_word' id='word_1_133' title='bbox 391 2345 459 2442; x_wconf 92' lang='lat' dir='ltr'>ipse</span> <span class='ocrx_word' id='word_1_134' title='bbox 481 2346 559 2419; x_wconf 84' lang='lat' dir='ltr'>elle-t</span> <span class='ocrx_word' id='word_1_135' title='bbox 581 2351 625 2440; x_wconf 87' lang='lat' dir='ltr'>Q.</span> <span class='ocrx_word' id='word_1_136' title='bbox 648 2347 817 2472; x_wconf 88' lang='lat' dir='ltr'>Caepione</span> <span class='ocrx_word' id='word_1_137' title='bbox 841 2345 978 2418; x_wconf 90' lang='lat' dir='ltr'>consule</span> <span class='ocrx_word' id='word_1_138' title='bbox 998 2360 1079 2415; x_wconf 78' lang='lat' dir='ltr'>natus</span> 
     </span>
     <span class='ocr_line' id='line_1_20' title="bbox 128 2452 1079 2556; baseline -0.002 -28"><span class='ocrx_word' id='word_1_139' title='bbox 128 2452 223 2530; x_wconf 88' lang='lat' dir='ltr'>etC.</span> <span class='ocrx_word' id='word_1_140' title='bbox 250 2459 383 2545; x_wconf 86' lang='lat' dir='ltr'>Laeli0,</span> <span class='ocrx_word' id='word_1_141' title='bbox 419 2459 563 2531; x_wconf 87' lang='lat' dir='ltr'>triennio</span> <span class='ocrx_word' id='word_1_142' title='bbox 586 2459 660 2556; x_wconf 91' lang='lat' dir='ltr'>ipso</span> <span class='ocrx_word' id='word_1_143' title='bbox 685 2459 820 2547; x_wconf 85' lang='lat' dir='ltr'>minor,</span> <span class='ocrx_word' id='word_1_144' title='bbox 854 2478 964 2555; x_wconf 89' lang='lat' dir='ltr'>quam</span> <span class='ocrx_word' id='word_1_145' title='bbox 979 2458 1079 2528; x_wconf 83' lang='lat' dir='ltr'>Anto·</span> 
     </span>
     <span class='ocr_line' id='line_1_21' title="bbox 84 2513 1121 2690; baseline 0.001 -54"><span class='ocrx_word' id='word_1_146' title='bbox 84 2654 97 2677; x_wconf 35' lang='lat' dir='ltr'><em>f</em></span> <span class='ocrx_word' id='word_1_147' title='bbox 126 2567 211 2638; x_wconf 89' lang='lat' dir='ltr'>nius.</span> <span class='ocrx_word' id='word_1_148' title='bbox 225 2569 317 2690; x_wconf 91' lang='lat' dir='ltr'>quod</span> <span class='ocrx_word' id='word_1_149' title='bbox 331 2568 410 2639; x_wconf 86' lang='lat' dir='ltr'>idei</span> <span class='ocrx_word' id='word_1_150' title='bbox 402 2593 459 2640; x_wconf 90' lang='lat' dir='ltr'>co</span> <span class='ocrx_word' id='word_1_151' title='bbox 475 2568 592 2665; x_wconf 91' lang='lat' dir='ltr'>posui,</span> <span class='ocrx_word' id='word_1_152' title='bbox 615 2587 678 2659; x_wconf 86' lang='lat' dir='ltr'>ut,</span> <span class='ocrx_word' id='word_1_153' title='bbox 704 2513 835 2640; x_wconf 87' lang='lat' dir='ltr'>dicendi</span> <span class='ocrx_word' id='word_1_154' title='bbox 855 2567 1121 2688; x_wconf 63' lang='lat' dir='ltr'>Latineprimaj</span> 
     </span>
     <span class='ocr_line' id='line_1_22' title="bbox 127 2622 1121 2804; baseline 0 -57"><span class='ocrx_word' id='word_1_155' title='bbox 127 2675 298 2747; x_wconf 77' lang='lat' dir='ltr'>maturitas</span> <span class='ocrx_word' id='word_1_156' title='bbox 331 2677 365 2747; x_wconf 93' lang='lat' dir='ltr'>in</span> <span class='ocrx_word' id='word_1_157' title='bbox 394 2703 469 2804; x_wconf 38' lang='lat' dir='ltr'>qua·</span> <span class='ocrx_word' id='word_1_158' title='bbox 485 2702 588 2752; x_wconf 81' lang='lat' dir='ltr'>aetate</span> <span class='ocrx_word' id='word_1_159' title='bbox 612 2622 800 2762; x_wconf 82' lang='lat' dir='ltr'>exliitisset,</span> <span class='ocrx_word' id='word_1_160' title='bbox 823 2677 933 2774; x_wconf 78' lang='lat' dir='ltr'>posset</span> <span class='ocrx_word' id='word_1_161' title='bbox 959 2676 1121 2761; x_wconf 81' lang='lat' dir='ltr'>notari3</span> 
     </span>
     <span class='ocr_line' id='line_1_23' title="bbox 47 2782 1080 2885; baseline 0.005 -32"><span class='ocrx_word' id='word_1_162' title='bbox 47 2828 72 2845; x_wconf 34' lang='grc' dir='ltr'>π</span> <span class='ocrx_word' id='word_1_163' title='bbox 127 2804 161 2854; x_wconf 90' lang='lat' dir='ltr'>et</span> <span class='ocrx_word' id='word_1_164' title='bbox 180 2782 469 2884; x_wconf 51' lang='lat' dir='ltr'>intelligeremus</span> <span class='ocrx_word' id='word_1_165' title='bbox 461 2815 526 2860; x_wconf 90' lang='lat' dir='ltr'>1am</span> <span class='ocrx_word' id='word_1_166' title='bbox 554 2790 596 2873; x_wconf 82' lang='lat' dir='ltr'>ad</span> <span class='ocrx_word' id='word_1_167' title='bbox 618 2790 781 2862; x_wconf 90' lang='lat' dir='ltr'>summum</span> <span class='ocrx_word' id='word_1_168' title='bbox 799 2813 907 2885; x_wconf 90' lang='lat' dir='ltr'>paene</span> <span class='ocrx_word' id='word_1_169' title='bbox 928 2788 995 2860; x_wconf 82' lang='lat' dir='ltr'>effe</span> <span class='ocrx_word' id='word_1_170' title='bbox 1011 2813 1080 2884; x_wconf 89' lang='lat' dir='ltr'>per·</span> 
     </span>
     <span class='ocr_line' id='line_1_24' title="bbox 70 2894 1081 3029; baseline 0.003 -64"><span class='ocrx_word' id='word_1_171' title='bbox 70 2969 72 2973; x_wconf 69' lang='grc'><strong>,</strong></span> <span class='ocrx_word' id='word_1_172' title='bbox 127 2894 280 2984; x_wconf 70' lang='lat' dir='ltr'>dudam,</span> <span class='ocrx_word' id='word_1_173' title='bbox 293 2912 330 2967; x_wconf 91' lang='lat' dir='ltr'>ut</span> <span class='ocrx_word' id='word_1_174' title='bbox 350 2921 392 2966; x_wconf 94' lang='lat' dir='ltr'>eo</span> <span class='ocrx_word' id='word_1_175' title='bbox 414 2899 495 2969; x_wconf 87' lang='lat' dir='ltr'>nihil</span> <span class='ocrx_word' id='word_1_176' title='bbox 517 2899 620 2973; x_wconf 85' lang='lat' dir='ltr'>ferme</span> <span class='ocrx_word' id='word_1_177' title='bbox 638 2902 809 3029; x_wconf 84' lang='lat' dir='ltr'>quisquam·</span> <span class='ocrx_word' id='word_1_178' title='bbox 831 2900 953 2972; x_wconf 87' lang='lat' dir='ltr'>addere</span> <span class='ocrx_word' id='word_1_179' title='bbox 968 2898 1081 2996; x_wconf 82' lang='lat' dir='ltr'>pollet,</span> 
     </span>
     <span class='ocr_line' id='line_1_25' title="bbox 126 3006 1121 3108; baseline 0.003 -30"><span class='ocrx_word' id='word_1_180' title='bbox 126 3006 197 3078; x_wconf 87' lang='lat' dir='ltr'>nifi</span> <span class='ocrx_word' id='word_1_181' title='bbox 208 3008 269 3105; x_wconf 92' lang='lat' dir='ltr'>qui</span> <span class='ocrx_word' id='word_1_182' title='bbox 296 3034 315 3079; x_wconf 90' lang='lat' dir='ltr'>a</span> <span class='ocrx_word' id='word_1_183' title='bbox 343 3007 570 3108; x_wconf 89' lang='lat' dir='ltr'>philosophia,</span> <span class='ocrx_word' id='word_1_184' title='bbox 600 3039 619 3084; x_wconf 89' lang='lat' dir='ltr'>a</span> <span class='ocrx_word' id='word_1_185' title='bbox 648 3016 719 3088; x_wconf 88' lang='lat' dir='ltr'>iure</span> <span class='ocrx_word' id='word_1_186' title='bbox 756 3012 866 3098; x_wconf 89' lang='lat' dir='ltr'>civili,</span> <span class='ocrx_word' id='word_1_187' title='bbox 892 3013 936 3084; x_wconf 87' lang='lat' dir='ltr'>ah</span> <span class='ocrx_word' id='word_1_188' title='bbox 956 3012 1121 3085; x_wconf 88' lang='lat' dir='ltr'>historia</span> 
     </span>
     <span class='ocr_line' id='line_1_26' title="bbox 59 3088 1080 3222; baseline 0.001 -30.001"><span class='ocrx_word' id='word_1_189' title='bbox 59 3088 109 3192; x_wconf 91' lang='grc'>44</span> <span class='ocrx_word' id='word_1_190' title='bbox 127 3117 440 3193; x_wconf 72' lang='lat' dir='ltr'>suissetinstrudlior.</span> <span class='ocrx_word' id='word_1_191' title='bbox 493 3123 603 3196; x_wconf 86' lang='lat' dir='ltr'>Erit</span> <span class='ocrx_word' id='word_1_192' title='bbox 572 3126 702 3222; x_wconf 88' lang='lat' dir='ltr'>,mquit</span> <span class='ocrx_word' id='word_1_193' title='bbox 720 3129 767 3196; x_wconf 91' lang='grc' dir='ltr'>Μ.</span> <span class='ocrx_word' id='word_1_194' title='bbox 785 3127 926 3210; x_wconf 77' lang='lat' dir='ltr'><strong>BrutuS,</strong></span> <span class='ocrx_word' id='word_1_195' title='bbox 952 3144 1009 3197; x_wconf 85' lang='lat' dir='ltr'>aut</span> <span class='ocrx_word' id='word_1_196' title='bbox 1023 3112 1080 3195; x_wconf 79' lang='lat' dir='ltr'>iam</span> 
     </span>
     <span class='ocr_line' id='line_1_27' title="bbox 62 3222 1080 3334; baseline 0.004 -33"><span class='ocrx_word' id='word_1_197' title='bbox 62 3222 108 3273; x_wconf 79' lang='lat'>¹⁶²</span> <span class='ocrx_word' id='word_1_198' title='bbox 127 3229 174 3302; x_wconf 90' lang='lat' dir='ltr'>est</span> <span class='ocrx_word' id='word_1_199' title='bbox 192 3231 294 3320; x_wconf 83' lang='lat' dir='ltr'>iste,</span> <span class='ocrx_word' id='word_1_200' title='bbox 308 3259 409 3331; x_wconf 83' lang='lat' dir='ltr'>quern</span> <span class='ocrx_word' id='word_1_201' title='bbox 440 3236 629 3332; x_wconf 70' lang='lat' dir='ltr'>exspedlas?</span> <span class='ocrx_word' id='word_1_202' title='bbox 657 3238 802 3328; x_wconf 80' lang='lat' dir='ltr'>Nescio,</span> <span class='ocrx_word' id='word_1_203' title='bbox 826 3237 978 3334; x_wconf 83' lang='lat' dir='ltr'>inquam.</span> <span class='ocrx_word' id='word_1_204' title='bbox 1026 3232 1080 3306; x_wconf 83' lang='lat' dir='ltr'>Sed</span> 
     </span>
     <span class='ocr_line' id='line_1_28' title="bbox 125 3342 1121 3473; baseline 0.001 -58"><span class='ocrx_word' id='word_1_205' title='bbox 125 3342 173 3415; x_wconf 85' lang='lat' dir='ltr'>est</span> <span class='ocrx_word' id='word_1_206' title='bbox 192 3344 348 3416; x_wconf 88' lang='lat' dir='ltr'>etiamL.</span> <span class='ocrx_word' id='word_1_207' title='bbox 372 3346 505 3419; x_wconf 83' lang='lat' dir='ltr'>Crasfi</span> <span class='ocrx_word' id='word_1_208' title='bbox 496 3374 531 3419; x_wconf 91' lang='lat' dir='ltr'>m</span> <span class='ocrx_word' id='word_1_209' title='bbox 545 3349 735 3438; x_wconf 87' lang='lat' dir='ltr'>consulatu,</span> <span class='ocrx_word' id='word_1_210' title='bbox 759 3349 882 3446; x_wconf 87' lang='lat' dir='ltr'>proQ</span> <span class='ocrx_word' id='word_1_211' title='bbox 895 3346 1079 3443; x_wconf 88' lang='lat' dir='ltr'>Caepione,</span> <span class='ocrx_word' id='word_1_212' title='bbox 1119 3392 1121 3473; x_wconf 45' lang='grc' dir='ltr'>ἰ</span> 
     </span>
     <span class='ocr_line' id='line_1_29' title="bbox 124 3437 1121 3549; baseline -0.001 -24"><span class='ocrx_word' id='word_1_213' title='bbox 124 3450 313 3525; x_wconf 85' lang='lat' dir='ltr'>defenfione</span> <span class='ocrx_word' id='word_1_214' title='bbox 348 3454 456 3528; x_wconf 71' lang='lat' dir='ltr'>iundla</span> <span class='ocrx_word' id='word_1_215' title='bbox 503 3483 573 3530; x_wconf 90' lang='lat' dir='ltr'>non</span> <span class='ocrx_word' id='word_1_216' title='bbox 603 3458 734 3549; x_wconf 82' lang='lat' dir='ltr'>brevis,</span> <span class='ocrx_word' id='word_1_217' title='bbox 776 3478 813 3530; x_wconf 83' lang='lat' dir='ltr'>nt</span> <span class='ocrx_word' id='word_1_218' title='bbox 836 3457 1016 3544; x_wconf 83' lang='lat' dir='ltr'>laudati03</span> <span class='ocrx_word' id='word_1_219' title='bbox 1049 3471 1079 3526; x_wconf 91' lang='lat' dir='ltr'>ut</span> <span class='ocrx_word' id='word_1_220' title='bbox 1118 3437 1121 3538; x_wconf 83' lang='grc'>4</span> 
     </span>
     <span class='ocr_line' id='line_1_30' title="bbox 64 3542 1121 3669; baseline 0.006 -37"><span class='ocrx_word' id='word_1_221' title='bbox 64 3621 76 3642; x_wconf 76' lang='grc'><em>,</em></span> <span class='ocrx_word' id='word_1_222' title='bbox 123 3562 236 3634; x_wconf 87' lang='lat' dir='ltr'>oratio</span> <span class='ocrx_word' id='word_1_223' title='bbox 262 3578 392 3654; x_wconf 86' lang='lat' dir='ltr'>autem,</span> <span class='ocrx_word' id='word_1_224' title='bbox 408 3565 551 3640; x_wconf 89' lang='lat' dir='ltr'>brevis:</span> <span class='ocrx_word' id='word_1_225' title='bbox 577 3568 744 3666; x_wconf 88' lang='lat' dir='ltr'>postrema</span> <span class='ocrx_word' id='word_1_226' title='bbox 775 3568 920 3642; x_wconf 89' lang='lat' dir='ltr'>censoris</span> <span class='ocrx_word' id='word_1_227' title='bbox 952 3568 1077 3649; x_wconf 84' lang='lat' dir='ltr'>oratio,</span> <span class='ocrx_word' id='word_1_228' title='bbox 1118 3542 1121 3669; x_wconf 87' lang='grc'>4</span> 
     </span>
     <span class='ocr_line' id='line_1_31' title="bbox 125 3672 1121 3776; baseline 0.003 -35"><span class='ocrx_word' id='word_1_229' title='bbox 125 3695 190 3767; x_wconf 89' lang='lat' dir='ltr'>qua</span> <span class='ocrx_word' id='word_1_230' title='bbox 216 3696 303 3743; x_wconf 91' lang='lat' dir='ltr'>anno</span> <span class='ocrx_word' id='word_1_231' title='bbox 334 3672 716 3776; x_wconf 75' lang='lat' dir='ltr'>duodequinquagesimo</span> <span class='ocrx_word' id='word_1_232' title='bbox 750 3678 823 3751; x_wconf 88' lang='lat' dir='ltr'>usus</span> <span class='ocrx_word' id='word_1_233' title='bbox 854 3677 911 3750; x_wconf 86' lang='lat' dir='ltr'>est.</span> <span class='ocrx_word' id='word_1_234' title='bbox 969 3680 1007 3750; x_wconf 90' lang='lat' dir='ltr'>ln</span> <span class='ocrx_word' id='word_1_235' title='bbox 1036 3673 1077 3746; x_wconf 84' lang='lat' dir='ltr'>his</span> <span class='ocrx_word' id='word_1_236' title='bbox 1119 3718 1121 3759; x_wconf 33' lang='grc' dir='ltr'><strong>ᾗ</strong></span> 
     </span>
    </p>
   </div>
   <div class='ocr_carea' id='block_1_3' title="bbox 123 3779 1077 3913">
    <p class='ocr_par' dir='ltr' id='par_1_3' title="bbox 123 3779 1077 3913">
     <span class='ocr_line' id='line_1_32' title="bbox 123 3779 1077 3913; baseline 0.005 -63"><span class='ocrx_word' id='word_1_237' title='bbox 123 3781 279 3913; x_wconf 81' lang='lat' dir='ltr'>omnibus</span> <span class='ocrx_word' id='word_1_238' title='bbox 293 3779 378 3874; x_wconf 5' lang='lat' dir='ltr'>*inest</span> <span class='ocrx_word' id='word_1_239' title='bbox 392 3785 526 3884; x_wconf 88' lang='lat' dir='ltr'>quidam</span> <span class='ocrx_word' id='word_1_240' title='bbox 544 3787 610 3862; x_wconf 79' lang='lat' dir='ltr'>fine</span> <span class='ocrx_word' id='word_1_241' title='bbox 629 3787 698 3863; x_wconf 92' lang='lat' dir='ltr'>ullo</span> <span class='ocrx_word' id='word_1_242' title='bbox 716 3786 795 3864; x_wconf 88' lang='lat' dir='ltr'>fuco</span> <span class='ocrx_word' id='word_1_243' title='bbox 816 3788 972 3877; x_wconf 80' lang='lat' dir='ltr'>veritatis</span> <span class='ocrx_word' id='word_1_244' title='bbox 983 3788 1077 3864; x_wconf 84' lang='lat' dir='ltr'>color.</span> 
     </span>
    </p>
   </div>
   <div class='ocr_carea' id='block_1_4' title="bbox 0 0 1158 4304">
    <p class='ocr_par' dir='ltr' id='par_1_4' title="bbox 0 0 1158 4304">
     <span class='ocr_line' id='line_1_33' title="bbox 0 0 1158 4304; baseline 0 0"><span class='ocrx_word' id='word_1_245' title='bbox 0 0 1158 4304; x_wconf 95' lang='lat' dir='ltr'> </span> 
     </span>
    </p>
   </div>
  </div>
 </body>
</html>
