2302 4304
260 326 263 330 -
344 290 589 363 n»uranu
637 293 702 366 rr.
947 318 1012 391 ω

61 469 119 527 tur.
135 455 227 526 Haec
240 450 331 549 enim
340 451 451 526 nostra
463 452 587 545 oratio,
595 450 811 528 multitudinis
824 452 871 528 esi
883 457 1016 532 auribus

60 562 366 653 accommodanda,
392 562 434 634 ad
465 561 676 657 oblesiandos
704 551 858 656 animos,
881 566 923 640 ad
949 568 1017 640 im·

59 673 249 770 pellendos,
270 672 311 744 ad
335 696 373 743 ea
390 672 561 768 probanda
569 666 583 762 ',
608 697 694 770 quae
707 700 777 747 non
799 674 941 750 aurificis
954 675 1017 749 sta·

59 806 150 874 tera,
184 784 240 857 sed
266 783 409 882 quadam
429 782 592 879 populari
618 782 742 855 trutina
777 783 1016 859 examinantur.

58 896 169 986 Quare
192 892 287 964 istam
300 909 403 964 artem
427 909 534 964 totam
556 892 778 982 dimittamus,
803 917 886 990 quae
901 893 936 963 in
959 917 1018 965 ex·
1037 900 1082 950 ¹⁶·

10 1068 12 1093 ,
58 1000 241 1100 cogitandis
254 999 453 1099 argumentis
466 1024 556 1074 muta
569 1000 709 1072 nimium
728 1000 775 1072 est
790 1054 802 1092 ,
820 1001 856 1075 in
869 1001 1019 1093 iudican-

10 1102 16 1199 Ῑ,
60 1110 107 1182 dis
133 1110 273 1183 nimium
289 1109 423 1207 loquax.
473 1109 661 1180 Critolaum
674 1109 789 1200 istum,
812 1134 912 1206 quem
926 1108 1020 1182 simul

58 1245 139 1291 cum
152 1219 309 1317 Diogene
326 1218 450 1293 venisse
466 1235 731 1312 commemoras,
758 1238 841 1318 puto
855 1221 927 1318 plus
940 1222 1020 1295 huic

58 1316 169 1399 studio
189 1325 300 1399 nostro
312 1327 466 1424 prodesse
487 1328 637 1424 potuisse.
685 1331 763 1402 Erat
788 1329 878 1421 enim
897 1331 939 1404 ab
955 1332 1019 1406 isto

57 1438 254 1530 Aristotele,
272 1439 395 1512 acuius
413 1439 557 1513 inventis
570 1438 630 1512 ribi
648 1463 713 1537 ego
736 1439 856 1513 videor
870 1442 1021 1515 nonlon·

57 1572 97 1644 ge
120 1546 281 1620 aberrare.
307 1568 404 1644 atque
431 1544 517 1618 inter
538 1546 625 1618 hunc
648 1545 877 1638 Aristotelem,
907 1547 1020 1648 (cuius

58 1675 91 1730 et
112 1657 205 1731 illum
226 1658 291 1756 legi
315 1657 455 1744 librum,
480 1657 514 1728 in
535 1683 605 1755 quo
622 1657 774 1754 exposuit
787 1657 918 1731 dicendi
934 1681 1021 1734 artes

55 1767 210 1843 omnium
224 1769 431 1868 superiorrun
445 1818 465 1860 ,-
484 1791 517 1842 et
543 1769 636 1858 illos,
664 1768 699 1839 in
726 1767 846 1867 quibus
872 1769 940 1866 ipse
963 1771 1020 1844 sua

55 1880 220 1977 quaedam
247 1874 430 1952 decadem
457 1891 526 1952 'arte
554 1878 679 1979 dixit‚)
705 1879 823 1953 ethos
844 1904 1020 1980 germanos

55 1990 151 2064 huius
165 1991 247 2062 artis
258 1988 446 2089 magistros,
473 1991 540 2064 hoc
560 1990 642 2064 mihi
665 1991 772 2065 visum
799 1990 845 2062 esi
857 1991 1019 2085 interesse,

55 2103 149 2200 quod
164 2102 218 2176 ille
236 2102 350 2175 eadem
371 2088 441 2176 acie
464 2103 607 2194 mentis,
640 2130 707 2203 qua
733 2129 846 2176 rerum
867 2105 1022 2177 omnium

55 2210 125 2285 vim
149 2208 367 2307 naturamque
390 2211 543 2302 viderat,
569 2213 651 2285 haec
687 2238 823 2310 quoque
851 2212 1022 2307 adspexit,

56 2345 140 2417 quae
155 2321 204 2415 ad
217 2321 349 2393 dicendi
362 2338 490 2413 artem,
515 2348 615 2421 quam
629 2322 682 2393 ille
698 2322 916 2416 despiciebat,
942 2328 1022 2416 per-

57 2429 214 2501 tinebant
239 2428 288 2501 issi
307 2445 439 2516 autem,
466 2429 524 2527 qui
542 2429 610 2499 hoc
628 2428 734 2499 solum
753 2426 929 2498 colendum
956 2428 1020 2498 du·
1047 2434 1053 2445 '

59 2542 197 2630 cebant,
233 2540 421 2613 habitarunt
444 2540 480 2611 in
501 2538 563 2610 hac
588 2539 661 2608 una
679 2535 808 2610 ratione
826 2539 1021 2628 trudanda,

58 2674 127 2722 non
146 2651 266 2722 eadem
291 2649 488 2746 prudentia,
512 2673 578 2745 qua
597 2646 667 2738 ille,
693 2645 748 2732 sed
761 2647 821 2723 usu
846 2647 963 2721 inhoc
982 2678 1030 2729 u-‚

59 2782 104 2828 no
126 2782 276 2856 genere,
296 2756 467 2855 studioque
478 2757 614 2831 maiore.
664 2759 843 2834 Carneadis
869 2786 953 2835 vero
968 2763 1020 2837 vis
1038 2779 1081 2828 161

58 2865 260 2942 incredibilis
277 2868 331 2940 illa
352 2868 504 2961 dicendi,
530 2887 563 2941 et
580 2868 740 2960 varietas,
761 2897 924 2969 perquam
943 2876 1022 2948 esset

59 2979 208 3076 optanda
229 2979 350 3054 nobis:
375 2982 432 3079 qui
444 2980 566 3053 nullam
587 3007 735 3079 unquam
749 2981 858 3056 inillis
872 2983 936 3057 suis
956 2986 1022 3058 dis-
1104 3023 1118 3065 t

59 3090 287 3187 putationibus
312 3094 383 3162 rem
410 3087 582 3180 defendit,
622 3118 722 3192 quam
747 3119 818 3166 non
845 3095 1043 3196 probarit,

19 3210 23 3217 ’
59 3200 182 3288 nullam
200 3198 435 3300 oppugnavit,
461 3227 561 3299 quam
578 3227 647 3276 non
663 3203 830 3277 everterit.
878 3206 942 3278 Sed
954 3207 1021 3285 hoc

60 3308 164 3381 maius
187 3306 235 3408 est
259 3308 441 3406 quiddam,
467 3334 568 3407 quam
602 3311 644 3382 ab
670 3311 737 3404 iis,
762 3314 821 3412 qui
846 3314 926 3392 haec
952 3337 1020 3394 tra-

62 3418 143 3493 dunt
160 3440 200 3490 et
221 3418 370 3511 docent,
397 3418 625 3517 postulandum
639 3420 686 3496 sit.

108 3533 188 3628 Ego
199 3548 332 3621 autem,
355 3530 379 3615 fi
406 3556 506 3630 quem
532 3558 621 3605 nunc
639 3536 733 3632 plane
759 3538 876 3613 rudem
897 3540 1020 3631 institui
1037 3549 1083 3626 39
1143 3503 1146 3507 ι

59 3641 103 3714 ad
117 3643 298 3715 dicendum
311 3642 434 3734 velim,
460 3643 511 3716 his
533 3644 643 3743 potius
668 3650 794 3721 tradam
813 3650 942 3722 assiduis
950 3674 1019 3721 uno
1037 3663 1083 3724 ¹62.

58 3780 167 3856 opere
180 3757 318 3832 eandem
331 3756 1021 3869 incudemdiemnocbemquemndentibus,
1141 3840 1144 3846 ,
