2302 4304
152 351 176 425 4
370 283 879 404 oroanronu

165 486 170 507 ³
190 507 218 553 et
238 493 265 550 in
287 491 404 563 iocando
422 491 595 574 lepidissimus
612 486 684 564 esse,
700 494 756 556 vid.
774 516 798 555 c.
818 514 865 577 54.
888 494 913 554 ei
935 492 970 553 de
993 493 1033 551 his
1054 488 1113 553 dis·-

191 585 302 668 putandi
324 604 413 669 partes
430 588 569 648 traduntur
591 587 608 651 l.
637 610 661 651 c.
687 589 770 670 usque
793 590 829 648 ad
855 611 878 650 c.
899 608 941 668 71.
976 589 1057 649 Redit
1076 591 1112 650 ad

188 680 314 743 Crassum
329 685 357 741 in
376 683 444 743 libro
464 686 544 743 tertio
567 681 706 743 disserendi
730 702 848 757 munus,
870 682 1054 763 induciturque
1077 686 1113 744 de

189 780 357 837 ornamentis
372 779 499 837 orationis
518 793 546 837 et
564 793 622 837 tota
639 776 790 837 elocutione
813 778 998 858 praecipiens,
1013 781 1039 836 in
1057 801 1111 860 qua
1128 785 1139 818 ·’

188 871 283 928 ceteris
315 870 443 930 omnibus
472 868 592 950 palmam
620 869 772 950 praeripere
800 869 952 948 putabanu.
989 867 1048 931 Cic.
1076 869 1111 929 de

189 961 265 1022 claris
285 959 336 1023 Or.
359 984 383 1022 c.
404 959 449 1042 38.
471 961 508 1042 sq.
529 960 624 1021 Docet
650 977 740 1021 autern
759 960 904 1022 dicendum
926 960 978 1021 effe
1003 964 1110 1037 latine,

190 1053 290 1133 plane,
314 1068 430 1127 ornate,
452 1069 479 1112 et
507 1069 591 1134 apte,
612 1054 639 1111 in
656 1071 773 1133 quorum
794 1054 874 1111 tertio
894 1055 1012 1133 inprimis
1035 1055 1110 1112 rnul-

187 1145 230 1207 tus
258 1146 304 1208 est.
339 1146 477 1208 ornatum
500 1164 591 1207 autern
612 1144 722 1207 existere
743 1143 858 1206 ostendit
880 1166 943 1204 curn
966 1165 981 1204 e
1002 1147 1110 1205 verbo-

188 1263 248 1302 rum
268 1241 390 1319 deleslu,
408 1262 469 1304 tum
488 1265 503 1304 e
532 1246 635 1325 tropis,
654 1241 766 1324 figuris,
789 1258 816 1302 et
838 1262 961 1304 numero.
988 1240 1108 1300 Addun-

105 1375 110 1381 ·
186 1357 228 1400 tur
248 1341 359 1402 tandem
381 1343 516 1425 quaedam
536 1341 571 1402 de
588 1340 701 1417 afflone.
732 1337 803 1420 Cap.
820 1351 867 1412 '14
887 1336 940 1418 seq.
964 1337 1111 1418 digreditur

187 1433 224 1492 ad
243 1434 336 1494 laudes
355 1433 544 1517 eloquentiae,
562 1437 640 1515 eique
663 1431 863 1514 adiungendam
881 1429 935 1492 esse
954 1429 1034 1490 docet
1044 1432 1110 1511 phi-

185 1520 357 1608 losophiam,
372 1549 429 1589 non
446 1526 608 1609 Epicuream
626 1525 736 1608 quidem
753 1541 800 1586 aut
817 1525 957 1599 Stoicam,
973 1524 1018 1584 sed
1033 1524 1110 1607 Aca·

180 1617 317 1680 demicam
346 1637 374 1681 et
404 1621 618 1702 Peripateticam.
650 1616 684 1677 In
710 1619 823 1680 exordio
844 1617 944 1681 Cicero
974 1618 1108 1679 funestam

154 1702 164 1708 ’
184 1728 303 1772 mortem
327 1735 424 1776 eorum
446 1713 586 1794 deplorat,
603 1713 649 1795 qui
668 1714 695 1771 in
715 1711 757 1776 his
782 1712 854 1774 libris
874 1713 1035 1794 disputantes
1061 1716 1108 1772 in-

185 1803 328 1870 ducuntur.
743 1813 747 1821 '

108 2067 122 2115 1
149 1937 391 2136 Cogitanti
413 2038 496 2111 mihi
522 2035 779 2136 saepenumero,
802 2053 835 2107 et
857 2033 1019 2106 memoria
1041 2061 1106 2108 ve·

113 2181 124 2217 t
144 2164 215 2219 tera
242 2147 425 2245 repetenti,
448 2148 595 2244 perbeati
617 2146 734 2237 fuisse,
756 2147 881 2240 Quinte
909 2146 1031 2237 stater,
1059 2147 1107 2220 illi

143 2252 253 2329 videri
275 2254 401 2342 solent,
427 2255 486 2353 qui
528 2255 563 2327 in
590 2255 717 2352 optima
750 2255 938 2351 republica,
970 2248 1047 2328 ‘curn
1072 2277 1107 2330 et

143 2364 350 2456 honoribus,
363 2387 397 2439 et
411 2391 521 2438 rerum
547 2363 707 2463 gestarum
722 2364 827 2462 gloria
841 2361 1012 2454 florerent,
1028 2391 1106 2439 eum

143 2475 233 2547 vitae
258 2474 386 2548 cursum
409 2494 521 2549 tenere
544 2492 747 2573 potuerunt,
767 2493 805 2547 ut
828 2464 887 2548 vel
907 2474 943 2546 in
966 2478 1106 2574 negotio

144 2582 211 2656 fine
234 2586 400 2681 pericu10‚
424 2589 481 2661 vel
502 2587 536 2676 in
559 2589 633 2660 otio
656 2613 732 2661 curn
755 2578 915 2684 dignitate
937 2585 1001 2657 esse
1024 2587 1106 2683 pos-

89 2730 91 2735 <
144 2691 224 2765 sent.
251 2693 300 2764 Ac
327 2690 391 2789 fuit
417 2694 569 2795 quidem,
596 2719 672 2764 cum
699 2692 782 2764 mihi
811 2718 945 2789 quoque
971 2694 1104 2767 initium

144 2805 387 2903 requiescendi,
409 2830 506 2904 atque
530 2796 740 2877 animum'ad
766 2801 933 2899 utriusque
957 2802 1104 2876 nostrum

145 2916 311 3012 praeclara
331 2915 435 2988 studia
457 2913 640 3004 referendi,
657 2911 731 2984 fore
755 2911 873 2984 iustum
892 2936 925 2985 et
942 2936 1048 3009 prope
1063 2916 1105 2985 ab

109 3041 115 3049 ’
144 3029 299 3102 omnibus
322 3026 512 3101 concessum
536 3026 728 3114 arbitrarer,
753 3023 776 3095 sr
797 3021 944 3096 infinitus
965 3023 1104 3096 sorensi-

145 3166 207 3213 um
220 3165 336 3214 rerum
352 3142 468 3231 labor,
490 3158 524 3212 et
542 3139 732 3213 ambitionis
750 3139 946 3234 occupatio,
965 3137 1104 3209 decursu

112 3253 335 3346 2hon0rum‚
359 3256 457 3328 etiam
485 3254 598 3341 aetatis
624 3251 734 3343 flexu,
761 3246 962 3341 constitisset.
1003 3275 1105 3352 quam

97 3440 99 3444 .
145 3361 237 3460 spem
264 3359 505 3464 cogitationum
533 3383 566 3438 et
592 3362 803 3457 confiliottun
830 3361 1000 3454 meorum,
1027 3390 1103 3437 curn

145 3499 264 3572 graves
292 3475 520 3550 communium
545 3493 759 3573 temporum,
785 3495 856 3549 tum
888 3473 975 3548 varii
1001 3471 1105 3545 nostri

17 3581 19 3586 ’
55 3628 57 3633 ·
144 3585 235 3658 casta
261 3585 457 3661 fefellerunt.
483 3587 589 3676 Nam,
611 3586 669 3685 qui
693 3587 786 3659 locus
812 3583 932 3683 quietis
954 3600 987 3655 et
1009 3599 1103 3653 tran-

66 3682 70 3691 *
144 3697 310 3795 quillitatis
335 3697 536 3794 plenisimus
565 3696 640 3771 fore
666 3697 857 3784 videbatur,
885 3698 919 3768 in
946 3720 988 3767 eo
1002 3693 1105 3764 maxi·

145 3835 218 3882 mae
240 3811 345 3884 moles
362 3809 583 3884 molestiarum
595 3863 606 3900 ,
620 3834 653 3884 et
665 3807 955 3883 turbulentissimae
977 3824 1105 3905 tempe·
