2302 4304
147 329 194 396 n
375 240 1027 376 ιιιοιιιτοιιι’κ

15 486 18 501 ’
141 465 328 563 eloquentia
344 465 490 568 contenti
514 463 647 548 sumus,
673 452 795 556 idque
789 482 830 530 ex
850 476 884 532 te
902 426 1124 559 quaerimus,

67 604 69 610 ¹
126 572 254 671 (utne
275 573 346 670 plus
367 597 429 646 nos
458 573 706 671 assequamur,
722 588 821 693 quam
848 548 1144 683 (ιιιιιιιιιιιιιᾳιῐαιῖἫ

43 769 44 772 ¹
143 681 179 756 in
195 685 338 759 dicendo
371 684 528 756 assecutus
551 678 649 805 ει,)“’
652 680 833 805 quoniam,
860 703 944 776 quae
959 662 1145 761 anffl-

88 853 92 856 .
139 796 321 891 expetenda
335 793 428 884 sunt,
467 820 505 867 ea
528 790 639 866 dicis
635 778 708 864 tion
731 789 828 862 nimis
850 787 956 860 deesse
983 772 1104 883 nobis,
1145 796 1147 805 '

77 927 124 1001 ιο
140 904 221 1002 quid
233 923 408 1002 praeterea
427 905 491 977 esse
514 888 738 976 assumendtim
745 898 874 1028 putes?
901 900 992 971 Tum
1001 899 1103 978 Cras

69 1041 124 1092 ‘134
140 1016 191 1090 sus
209 1019 373 1109 arridens,
398 1016 491 1111 Quid
504 1016 671 1119 censes,¹
661 1014 788 1113 inquit,
814 1013 942 1102 Cotta,
961 1009 1133 1085 nifistu-¹

64 1179 69 1195 ·
139 1130 254 1254 dium,
280 1148 314 1203 et
336 1128 489 1201 ardorem
503 1129 668 1228 quendam
682 1124 829 1197 amoris
820 1124 835 1175 ²
860 1122 926 1195 stne
940 1145 1011 1219 quo
1025 1147 1117 1211 cum

139 1239 176 1310 in
194 1240 264 1314 vita
285 1239 366 1311 nihil
379 1239 559 1368 quidquam
570 1238 767 1357 pgregium,
800 1255 873 1309 turn
897 1253 986 1308 certe
1003 1234 1104 1327 hoc,

138 1349 232 1447 quod
245 1353 453 1451 tuexpetis„
465 1377 565 1426 nemo
579 1350 725 1449 unquam
739 1351 934 1449 assequetur.
981 1350 1103 1449 Neque

138 1481 224 1529 vero
237 1481 303 1532 vos
317 1459 358 1530 ad
372 1483 444 1531 earn
455 1485 527 1531 rem
540 1455 644 1532 video
657 1457 722 1531 csse
736 1457 962 1533 cohortandos
971 1453 1103 1554 squ0s,

138 1591 215 1639 cum
236 1567 319 1653 mihi
353 1593 488 1669 quoque
501 1568 566 1642 fitis
583 1565 792 1659 molesti,
760 1569 857 1640 mmis
871 1555 1105 1666 etiain'flagra·

76 1699 118 1754 ¹35
137 1701 173 1749 re
189 1676 348 1777 ‘intelligo
378 1679 577 1776 cupiditate·
612 1678 675 1750 Sed
714 1677 866 1775 profesio
893 1677 996 1751 studia
1019 1678 1102 1753 nihil

136 1786 276 1883 prosunt
302 1786 521 1884 perveniendi
545 1785 680 1885 aliquo,
706 1785 765 1858 nifi
780 1785 858 1858 illud
870 1807 892 1873 ‚⁴
913 1786 1007 1884 quod
1029 1812 1100 1880 eo„

137 1922 207 1995 quo
229 1897 403 1988 intendas,
429 1895 514 1971 ferat
527 1895 730 1994 deducatque
743 1896 949 1993 ,cognoris
975 1898 1102 1990 Quare,

137 2011 399 2110 quoniam‘mihi
422 2011 528 2087 levius
541 2011 710 2109 quoddam
724 2036 808 2085 onus
821 2011 1017 2109 imponitis,
1043 2041 1103 2088 ne-

138 2145 203 2218 que
218 2145 260 2192 ex
274 2134 328 2193 me
342 2121 383 2193 de
392 2119 538 2194 oratoris
550 2140 619 2193 arte
634 2174 645 2211 ,
673 2118 730 2192 sed
741 2120 781 2192 de
795 2120 857 2193 hac
871 2145 968 2212 mea,
995 2149 1104 2221 quan·

37 2266 39 2272 ·
138 2231 338 2331 tulacunqne
354 2230 426 2322 est,
450 2229 604 2304 factdtate
622 2229 794 2328 quaeritis,
809 2255 976 2328 exponam
1001 2235 1105 2311 vobis

137 2345 330 2445 quandam,
357 2370 427 2441 non
442 2361 498 2417 aut
507 2343 800 2441 perreconditam,
820 2360 876 2415 aut
897 2344 994 2416 valde
1011 2346 1103 2443 diffi-

128 2454 262 2542 cilem,
285 2472 341 2529 aut
354 2453 589 2555 magnificam,
614 2473 670 2528 aut
682 2479 819 2552 gravem
838 2452 1008 2526 rationem
1007 2482 1103 2533 con-

138 2509 317 2637 suetudinis
343 2590 462 2656 meae,
498 2576 565 2665 qua
590 2564 759 2672 quondam
789 2561 901 2636 solitus
936 2562 1023 2647 sum
1030 2565 1104 2657 uti,
1128 2621 1147 2665 ·.

139 2697 231 2743 cum
218 2670 357 2743 ''mihi
348 2697 385 2743 ιιι
406 2671 468 2745 islo
487 2673 594 2747 studio
617 2663 740 2749 versari
754 2672 952 2757 adolescenti
972 2656 1104 2751 licebat.

78 2779 229 2860 136Tum
241 2774 419 2876 Sulpicius,
445 2783 480 2853 Ο
501 2780 605 2869 diem,
624 2783 743 2872 Cotta,
760 2782 905 2871 nobis,
895 2783 1019 2899 rnquit,
1038 2809 1104 2883 op-

139 2886 265 2960 tatum!
292 2889 384 2986 quod
398 2891 488 2962 enim
501 2915 607 2989 neque
621 2892 772 2989 precibus
790 2917 955 3000 unquam,
977 2918 1041 2968 nec
1053 2894 1105 2967 in··

141 2993 325 3085 finuando,
351 3024 413 3072 nec
427 2984 626 3097 speculando
640 3002 763 3100 assequi
785 3001 906 3098 potui,
949 3019 1003 3093 ut,
1019 3004 1104 3101 quid
1120 3029 1124 3035 ·

73 3158 81 3177 s
140 3105 273 3180 Crassus
294 3128 430 3208 ageret,
451 3104 630 3186 meditandi
652 3134 708 3185 aut
730 3110 863 3186 dicendi
884 3110 1000 3197 causa,
1032 3134 1108 3183 non

50 3248 53 3252 ’
140 3217 247 3290 rnodo
261 3218 377 3293 videre
411 3221 519 3313 mihi,
543 3220 597 3295 sed
615 3249 657 3296 ex
670 3223 739 3294 eius
758 3220 917 3318 scriptore
931 3239 964 3291 et
978 3217 1105 3290 leslore

141 3326 285 3424 Diphilo
303 3328 456 3426 suspicari
469 3332 602 3422 liceret;
617 3334 659 3412 „id
681 3331 778 3429 spero
801 3355 863 3403 nos
873 3327 938 3422 esse
952 3321 1108 3423 adeptos,

141 3431 322 3549 omniaque
337 3436 403 3510 iarn
426 3445 468 3513 ‘ex
481 3438 578 3536 ipso,
602 3463 685 3538 quae
707 3437 768 3511 diu
783 3436 955 3539 cupimus,
980 3432 1104 3532 cogni·

141 3554 245 3615 turos

34 3677 120 3748 ιι
190 3654 283 3728 Tum
301 3655 455 3750 Crassus,
478 3659 580 3758 Atqui
592 3659 759 3746 arbitror
783 3656 928 3755 Sulpici,
951 3676 1027 3727 cum
1044 3675 1109 3722 au·

81 3791 127 3890 ur
145 3766 264 3860 dieris,
296 3794 366 3845 non
384 3792 452 3846 tam
479 3791 512 3846 te
533 3774 615 3847 haec
645 3775 902 3859 admiraturum,
941 3789 1038 3866 quae
1050 3763 1110 3840 dr·
