2302 4304
360 317 704 433 onrron·
846 280 850 289 ’
935 295 1054 418 429ss

51 508 111 557 ma
124 481 247 582 syllaba
258 480 344 566 ultra
356 483 504 559 tertiam:
528 506 598 582 quo
614 480 717 582 magis¹
729 478 877 553 naturam
891 478 1008 554 ducem

50 591 100 664 ad
123 590 253 699 aptium
275 592 483 692 voluptatem
502 590 653 690 sequatur
690 587 855 662 industria.
885 590 1008 663 Aevo-
1022 581 1053 669 {9

50 706 105 780 cis
123 705 259 802 quidem
276 704 406 779 bonitas
420 705 562 801 optanda
575 703 629 776 est.
654 700 780 787 nonest
793 702 881 776 enim
893 700 930 792 in
942 726 1009 774 no·

49 813 119 903 bis,
130 810 189 884 sed
198 812 368 898 tractatio,
379 827 475 907 atque
487 800 608 882 ususin
626 810 732 884 nobis.
755 811 845 906 Ergo
858 807 911 882 ille
923 808 1011 903 prin-
1109 891 1110 894 ,

49 943 135 1016 ceps
157 917 296 992 variabit
309 939 343 989 et
359 917 521 1003 mutabir3
544 941 660 992 omnes
680 917 855 1006 sonorum,
875 932 945 988 tum
959 916 1010 988 in-

48 1027 216 1116 tendens,
237 1018 508 1115 tum'remittens,
528 1026 741 1122 persequetur
761 1023 1011 1122 gradu53‘idem·
1089 1117 1094 1128 ἱ

49 1161 124 1237 que
139 1153 235 1235 motu
260 1133 305 1208 src
317 1154 444 1225 utetur,
465 1135 547 1225 nihil
563 1152 600 1208 ut
618 1134 750 1231 superfit
762 1135 798 1206 in
816 1133 914 1233 gestu.
937 1135 1010 1208 Sta·

51 1266 112 1321 tus
139 1245 264 1339 etesius
285 1265 319 1316 et
341 1243 466 1317 celsus:
491 1266 583 1316 ratus
612 1241 768 1331 incessus,
790 1266 852 1315 nec
867 1243 912 1314 ita
933 1242 1010 1315 lon·

51 1376 139 1452 gus:
165 1351 312 1427 excursio
330 1354 513 1442 moderata,
533 1376 739 1450 eaquerara:
764 1352 851 1425 nulla
871 1353 1010 1427 mollitia

52 1458 255 1550 cervicum,
284 1460 389 1532 nullae
411 1460 555 1558 argutiae
575 1460 779 1558 digitorum,
805 1485 876 1533 non
894 1461 936 1533 ad
948 1487 1012 1536 nu·-

52 1595 191 1644 merum
216 1570 367 1644 articulus
381 1572 519 1644 cadens:
548 1588 665 1645 trunco
682 1571 785 1671 magia
803 1587 879 1643 roto
892 1570 924 1643 se
941 1566 1010 1675 ipse
1083 1660 1088 1667 ¹

53 1678 258 1775 modqrans,
279 1695 312 1750 et
331 1679 424 1786 yirili
442 1680 579 1752 laterum
596 1679 762 1768 flexione,
782 1679 908 1752 brachii
927 1705 1010 1777 pro-

53 1792 203 1866 teutone
224 1791 259 1862 in
272 1779 557 1877 contentionibus,
580 1790 802 1863 contractione
817 1789 852 1861 in
863 1792 1008 1870 remissis.
1022 1821 1059 1879 ⁶9·

51 1899 183 1989 Vultus
200 1902 307 1989 vero,
330 1897 387 1998 qui
413 1893 589 1972 secundum
606 1890 725 1974 vocem
738 1898 914 1997 plurimum
944 1929 1009 2000 po-

43 2009 123 2111 test
139 2064 151 2100 ,
166 2027 317 2108 quantam
335 2007 429 2080 affert
449 2027 520 2082 tum
539 2011 747 2109 dignitatem,
767 2030 837 2085 tutn
855 2015 1009 2088 venusta-

51 2119 153 2219 tem?
169 2119 283 2216 inquo
294 2143 371 2191 cum
385 2116 540 2209 effeceris,
554 2145 595 2192 ne
612 2120 692 2218 quid
700 2119 857 2215 ineptum,
870 2135 925 2196 aut
936 2124 1010 2195 vul-

53 2227 195 2304 tuosum
207 2227 263 2319 fit,
279 2248 349 2301 tum
362 2229 534 2333 octdorum
554 2233 712 2325 quaedam
727 2254 842 2325 magna
853 2233 1011 2303 modera-

54 2340 123 2421 tio.
134 2338 221 2409 Nam
229 2335 379 2434 utimago
389 2335 435 2408 est
448 2336 566 2424 animi,
578 2336 704 2423 vultus3
716 2336 759 2408 src
770 2337 1011 2412 indicesoculit

52 2473 210 2549 quorum
222 2441 472 2534 ¹ethilaritatis,
501 2466 535 2519 et
549 2435 688 2521 viciffim
712 2447 856 2530 tristitiae
873 2449 1012 2522 modum

52 2584 115 2661 res
129 2559 239 2656 ipsae,
260 2559 429 2658 dequibus
450 2576 586 2658 agetur,
609 2559 845 2656 temperabunt.

110 2668 178 2740 Sed
188 2667 252 2738 iam
264 2668 347 2740 illius
359 2667 494 2765 perfessi
508 2664 689 2766 oratoris'et
703 2667 844 2741 summae
853 2669 1011 2770 eloquen·
1029 2705 1072 2781 ¹9
1117 2678 1120 2684 ’

53 2777 260 2874 tiaespecies
277 2768 488 2874 exprimenda
501 2775 563 2847 est:
585 2800 683 2874 quern
702 2777 770 2850 hoc
787 2802 855 2852 uno
873 2784 1011 2856 excelle-
1024 2808 1054 2860 ot

55 2915 115 2978 re,
125 2888 161 2960 id
175 2887 220 2959 est
228 2888 390 2977 oratione,
402 2889 553 2976 ceterain
571 2882 614 2959 eo
626 2885 739 2977 latere,
754 2887 875 2965 indicat
888 2917 1012 2967 nomen

56 2997 182 3098 ipsum.
196 3000 275 3071 Non
284 2992 371 3071 e'nim
380 2999 548 3090 inventor,
558 3017 613 3072 aut
621 2999 836 3097 compositor,
842 3022 896 3072 aut
909 3007 1011 3092 ador,

56 3107 146 3201 haec
162 3109 350 3202 complexus
359 3105 404 3179 est
412 3111 523 3181 omnia
536 3164 546 3199 ,
561 3110 615 3182 sed
630 3129 662 3182 et
673 3135 786 3206 graece
796 3111 837 3180 ab
852 3109 1010 3206 eloquen-

58 3217 113 3290 do
122 3248 230 3311 fuant,
241 3235 273 3290 et
284 3217 382 3292 latine
390 3226 527 3316 eloquens
540 3222 641 3292 didus
655 3219 710 3292 est.
723 3219 912 3293 Ceterarum
924 3223 1013 3297 enim

44 3350 200 3421 rerum,
227 3353 310 3427 quae
328 3329 400 3404 sunt
418 3331 452 3403 in
478 3334 634 3416 oratore,
662 3347 786 3426 partem
800 3331 940 3432 aliquam
951 3338 1013 3412 srbi

58 3431 207 3534 quisque
222 3430 386 3509 vindicat:v
404 3439 531 3511 dicendi
556 3446 684 3525 autern,
706 3437 741 3509 id
753 3435 799 3509 est
811 3440 1012 3540 eloquendi,

59 3543 215 3618 maxima
225 3544 277 3631 vis
290 3547 350 3619 soli
367 3548 444 3620 huic
463 3547 666 3619 conceditur.
681 3551 906 3649 Quamquam
925 3558 1012 3630 enim
1026 3584 1058 3636 ⁶2
1091 3543 1095 3581 '

61 3668 99 3723 et
114 3648 305 3750 philosophi
318 3657 450 3753 quidam
465 3676 578 3729 ornate
595 3658 698 3733 locuti
714 3645 804 3750 sunt,
821 3662 861 3758 (st
880 3667 1012 3762 quidem

62 3781 100 3838 et
117 3762 365 3869 Theophrastus
377 3767 547 3847 divinitate
563 3771 719 3870 loquendi
731 3798 853 3846 nornen
864 3774 1016 3875 invenit,
1033 3796 1035 3801 ’
