2304 4304
383 284 682 360 tinent
964 286 1012 385 a,

38 450 162 526 arvae
175 469 330 549 ,praeter
343 449 412 522 hoc
426 447 594 538 nostrum,
614 444 846 537 inconditum,
860 469 900 520 ac
913 474 1018 546 paene

48 558 260 634 ridiculum:
279 562 320 634 de
346 584 415 657 quo
440 560 542 631 multa
550 555 673 630 soleo
664 582 699 627 m
713 539 915 633 sermonibus
929 586 1018 658 quo·

46 672 193 745 tidianis
220 673 353 757 dicere,
375 696 451 743 cum
474 669 649 743 hominum
672 664 862 739 nostrorum
879 671 1020 765 pruden-

46 798 141 852 tram
152 801 267 854 ceteris
279 778 494 868 homlmbus,
531 793 564 849 et
586 766 730 846 maxime
743 776 901 865 Graecis,
928 798 1021 850 ante-
1112 788 1116 797 ’

50 914 167 986 pono.
199 889 259 962 His
286 914 351 987 ego
376 888 419 960 de
442 888 544 960 causis
562 885 736 972 dixeram,
754 885 937 977 Scaevola,
958 887 1021 973 iis,

50 992 119 1097 qui
142 998 280 1096 perfecti
306 1017 457 1072 oratores
480 996 545 1070 effe
566 994 707 1084 vellent,
720 994 800 1068 iuris
818 995 926 1081 civilis
939 1021 1023 1094 cog·

52 1106 230 1179 mitionem
253 1105 318 1178 effe
345 1104 571 1177 necessariam.

110 1221 182 1290 Iam
203 1241 288 1293 vero
302 1216 370 1313 ipsa
387 1242 446 1314 per
468 1215 533 1289 sese
555 1233 714 1314 quantum
726 1215 842 1288 afferat
862 1214 929 1307 iis,
964 1215 1022 1315 qui
1036 1231 1078 1307 45
1112 1250 1118 1267 ·

56 1329 96 1401 ei
131 1326 311 1425 praesunt,
348 1327 512 1414 honoris,
550 1326 697 1425 gratiae,
733 1325 925 1426 dignitatis,
948 1329 1022 1427 quis
1040 1339 1084 1405 198

59 1432 226 1531 ignorat?
252 1435 386 1529 ltaque,
410 1449 447 1505 ut
468 1433 554 1529 apud
568 1435 717 1505 Graecos
738 1431 844 1505 infimi
857 1435 1023 1528 homines,

62 1546 251 1620 mercedula
270 1544 425 1635 adducti,
449 1544 615 1618 ministros
638 1542 672 1615 se
693 1543 853 1641 pradnent
874 1547 909 1618 in
934 1547 1024 1619 iudi..

62 1658 160 1731 diciis
186 1657 400 1744 oratoribus,
441 1656 485 1746 ii,
520 1656 581 1755 qui
606 1656 693 1752 apud
718 1654 791 1728 illos
816 1688 1053 1753 agamemn

63 1788 253 1845 vocantur:
277 1767 348 1858 fic,
372 1767 408 1840 in
433 1767 545 1841 nostra
553 1769 688 1843 civitate
701 1785 845 1855 contra,
868 1765 1024 1861 ampliffi-

64 1878 140 1950 mais
154 1877 291 1976 quisque
304 1894 338 1948 et
351 1876 540 1950 clariffimus
562 1876 639 1962 vir,
663 1896 700 1948 ut
713 1875 791 1966 ille,
815 1874 873 1974 qui
886 1896 1025 1972 propter

65 1989 153 2063 hanc
180 1987 258 2059 iuris
271 1985 379 2061 civilis
400 1984 568 2062 scientiam
584 1984 629 2061 fic
655 1986 834 2084 appellatus
853 2010 873 2057 a
894 1984 1024 2058 summo

65 2096 169 2196 poeta
191 2095 260 2170 est:

117 2214 247 2306 Egregie
265 2213 409 2282 cordatus
431 2210 522 2285 tomo
535 2262 547 2300 ‚
560 2233 649 2284 catus
664 2211 780 2282 Aelius
806 2215 953 2299 Sextus,

66 2320 229 2416 multique
241 2337 433 2416 praeterea,
457 2318 538 2417 qui,
563 2345 640 2394 cum
666 2319 802 2416 ingenio
817 2318 877 2411 fibi
900 2317 1027 2413 [audo

66 2428 122 2526 re]
136 2429 330 2527 dignitatem
347 2429 572 2527 peperiffent,
596 2427 829 2522 perfecenmt,
854 2426 947 2498 utin
971 2450 1027 2498 te·
1125 2480 1128 2485 -

68 2539 265 2636 spondendo
288 2540 329 2614 de
343 2540 443 2631 iure,
466 2537 661 2614 auctoritate
686 2540 758 2635 plus
778 2538 895 2629 etiam,
927 2563 1027 2638 quam
1099 2546 1103 2551 '

70 2649 142 2747 ipso
160 2649 317 2746 ingenio,
341 2650 500 2725 valerent
545 2648 711 2723 ⁴Seneduti
723 2674 809 2723 vero
818 2647 1032 2723 celebrandae.
1045 2669 1090 2720 192

68 2785 106 2834 et
122 2760 289 2835 ornandae
307 2763 400 2860 quod
417 2761 586 2837 honestius
606 2762 714 2860 potest
736 2762 802 2836 effe
827 2760 1028 2860 perfugium,

67 2895 172 2968 quam
192 2869 273 2944 iuris
285 2871 543 2969 interpretatio?
569 2872 731 2971 Equidem
755 2871 838 2944 mihi
862 2870 929 2945 hoc
953 2870 1029 2942 sub-

69 2982 187 3054 fidium
204 2981 271 3055 iam
284 2983 326 3056 ab
340 2983 564 3059 adolescentia·
584 2984 804 3080 comparavi,
832 3006 903 3056 non
923 2980 1029 3054 solum
1069 3032 1072 3044 .

70 3094 114 3167 ad
141 3093 309 3167 causarum
321 3090 415 3165 usum
437 3090 642 3176 forenstum3
667 3087 723 3161 sed
747 3086 907 3159 etiamad
932 3086 1030 3163 decus

68 3223 105 3278 at
151 3208 415 3278 cornamentum
428 3201 610 3288 senectutis,
619 3219 657 3274 ut
669 3196 808 3274 cum'me
818 3197 907 3273 vires
919 3193 1030 3296 (quod

71 3230 151 3387 fexn
168 3314 235 3387 iam
247 3332 378 3412 tempus
401 3309 578 3409 adventat)
593 3309 735 3383 deficere
748 3309 949 3408 coepissent,
987 3311 1031 3385 ab

72 3421 249 3500 solitudine
276 3427 415 3500 domum
429 3449 537 3500 meam
549 3424 766 3498 vindicarem.
813 3423 906 3519 Quid
927 3423 974 3497 est
994 3449 1030 3496 e·

73 3532 143 3632 nim
156 3535 656 3637 praeclmquuamhonoribus
669 3534 905 3633 etreipublicae
917 3559 1031 3606 mune·

74 3641 165 3716 ribus
187 3646 397 3741 perfunctum
416 3645 550 3734 senem,
574 3642 668 3742 poffe
693 3642 752 3716 suo
774 3643 844 3723 iure
866 3642 975 3714 dicere
996 3639 1029 3709 i·

75 3753 176 3847 dem,
199 3755 545 3857 QOdapudEssffium
561 3755 651 3834 dicat
670 3754 723 3831 ille
735 3753 875 3852 Pythius
896 3747 1055 3848 Apollo,.·
1098 3796 1101 3801 -
