2302 4304
140 332 231 430 3u.
464 324 777 403 aaaron

139 490 321 592 publicae,
351 478 423 563 non¹
434 489 502 564 sine
520 487 670 580 facetiis;
694 488 750 566 sed
762 514 872 592 neque
882 490 1009 570 laboris
1020 494 1102 570 mttl·

139 603 186 693 ti,
208 628 272 676 nec
291 600 365 674 satis
387 601 533 675 versatus
554 601 726 676 incaufist
754 601 1008 714 interiectusque
1025 606 1104 680 inter

138 715 222 788 duas
251 731 398 803 aetates,
425 712 594 786 Hortensii
616 730 650 786 et
674 712 832 810 Stdpicii',
861 739 924 788 nec
945 717 1102 790 maiorem

137 827 297 925 consequi
325 842 475 923 poterat,
501 843 534 897 et
555 823 679 897 minori
716 823 842 897 necesse
873 843 946 898 erat
978 829 1100 904 cederet

138 941 246 1014 Huius
269 941 379 1012 omnis
392 938 525 1012 facultas
548 963 589 1010 ex
605 936 740 1009 historia
766 924 864 1034 ipsuis
876 937 1019 1034 perspici
1037 965 1099 1036 ,ρο-

138 1046 223 1120 test:
248 1073 333 1147 quae
356 1072 431 1121 curn
441 1042 535 1120 facile
552 1070 669 1119 omnes
686 1045 799 1117 vincat
808 1043 1015 1140 superiores,
1031 1071 1095 1121 tutn
1109 1126 1111 1130 ,

137 1156 264 1231 indicat
290 1175 424 1244 tamen,
450 1174 607 1254 quantum
629 1154 711 1229 absn
726 1179 745 1224 a
761 1152 916 1245 summo,
931 1181 1097 1257 'quamque

137 1291 239 1363 genus
257 1267 324 1341 hoc
345 1267 533 1364 scriptionis
561 1267 712 1338 nondum
734 1264 773 1337 sit
792 1265 865 1338 satis
878 1265 1005 1343 Latinis
1025 1273 1093 1345 lite·

136 1374 182 1448 ris
204 1376 407 1450 illustratum.
456 1379 543 1449 Nam
563 1381 607 1468 Q.
629 1374 796 1448 Hortensli
819 1377 1006 1452 admodum
1024 1383 1096 1454 ado

134 1486 282 1560 lescentis
295 1487 481 1585 ingenium,
502 1508 539 1559 ut
548 1485 681 1558 Phidiae
696 1485 838 1583 signum,
864 1485 962 1560 fimus
976 1490 1098 1588 adspec-¹

74 1615 122 1672 ²²9
135 1612 206 1667 tum
222 1613 255 1667 et
267 1596 445 1694 probatum
463 1594 520 1671 est.
555 1595 605 1684 Io,
631 1597 668 1666 L.
692 1594 836 1685 Crasso,
870 1588 918 1688 Q
941 1601 1096 1676 Scaevola·

136 1705 353 1798 consulibus,
376 1709 521 1806 primum
541 1708 576 1778 in
598 1705 677 1778 foro
692 1705 795 1797 dixit,
821 1729 855 1780 et
870 1710 961 1805 apud
973 1711 1037 1784 hos
1054 1712 1094 1810 io

132 1814 186 1889 sos
200 1817 333 1915 quidem
347 1816 512 1904 consulet,
539 1833 572 1889 et
586 1839 663 1887 cum
680 1840 822 1903 eorum,
843 1817 901 1914 qui
925 1817 1092 1913 affuenmt,

69 1952 72 1959 ·
132 1941 203 1998 tum
225 1928 373 2024 ipsorum
387 1926 560 2000 consulum
574 1941 589 2015 ¹,
612 1925 669 2025 qui
683 1949 800 1999 omnes
815 1925 1026 2026 intelligentia
1039 1957 1090 2004 an·

131 2032 280 2123 teibant,
317 2034 446 2107 iudicio
483 2034 621 2109 disceffit
660 2037 826 2132 probatus.
879 2040 1119 2142 Undeviginti·

132 2164 237 2214 annos
253 2159 346 2214 natus
370 2160 440 2214 erat
453 2167 495 2215 eo
518 2165 681 2240 tempore.
716 2141 763 2216 est
783 2164 890 2217 autem
903 2149 943 2221 'L.
959 2151 1091 2243 Paullo,

131 2254 172 2327 C.
197 2256 357 2330 Marcello
378 2256 564 2328 consulibus
584 2275 751 2340 mortuus3
775 2282 818 2328 ex
840 2283 909 2356 quo
932 2261 1091 2353 videmus,

130 2369 249 2440 eumin
262 2389 481 2466 patronorum
496 2391 637 2440 numero
655 2389 758 2438 annos
771 2386 954 2465 quatuoret
961 2373 1092 2469 quadra

130 2475 221 2572 ginta
233 2475 337 2549 fuisse.
345 2473 422 2548 Hoc
436 2476 477 2548 de
490 2495 624 2547 oratore
638 2475 738 2570 paulo
750 2473 823 2571 post
836 2476 931 2571 plura
940 2479 1090 2554 dicemus.

129 2583 197 2655 hoc
207 2608 315 2656 autem
328 2583 408 2657 loco
423 2584 591 2659 voluimus
600 2601 740 2656 aetatem
753 2585 822 2656 eius
835 2585 870 2655 in
883 2587 1046 2684 disparem
1056 2613 1090 2659 o·

122 2711 276 2768 'ratorum
302 2698 442 2769 aetatem
468 2696 657 2769 includere:
679 2709 878 2794 quamquam
895 2697 932 2767 id
958 2699 1087 2796 quidem

127 2803 281 2875 omnibus
299 2800 489 2876 usuvenire
513 2805 638 2878 necesse
658 2805 743 2896 fuir,
760 2806 878 2905 quibus
891 2811 992 2904 paulo
1015 2813 1087 2886 lon·

102 2963 104 2968 <
124 2915 201 3014 gior
214 2916 284 2991 vita
299 2917 465 3015 contigit,
478 2934 560 2991 utet
573 2945 651 2991 cum
668 2922 776 2994 multo
793 2922 976 2998 maioribus
999 2925 1087 3018 natu,

125 3048 228 3123 quam
240 3023 342 3097 essent
359 3023 440 3121 ipst,
457 3044 491 3094 et
511 3046 586 3095 cum
602 3024 771 3123 aliquanto
790 3028 976 3104 minoribus
993 3033 1085 3106 com·

124 3153 327 3234 pararentur.
352 3139 401 3210 Ut
425 3134 532 3208 Attius
549 3135 664 3229 iisdem
685 3139 841 3212 aedilibus
855 3139 900 3212 ait
921 3140 954 3213 se
973 3161 1008 3216 et
1028 3147 1085 3218 Pa·

123 3251 261 3322 cuvium
281 3251 428 3325 docuisse
454 3248 621 3344 fabulam,
643 3278 718 3325 cum
740 3253 793 3326 ille
811 3254 1004 3352 olloginta,
1025 3255 1085 3354 ipse
1129 3318 1131 3351 ἶ

63 3387 111 3441 230
124 3357 257 3457 triginta
274 3385 379 3434 annos
397 3378 491 3437 natut
511 3362 612 3437 esset:
634 3365 678 3436 s1c
702 3365 893 3439 Hortenfius
916 3386 989 3440 non
1013 3395 1084 3443 cum

124 3467 187 3541 suis
208 3460 394 3568 aequalibus
413 3475 538 3560 solum,¹
561 3475 616 3553 sed
642 3493 675 3548 et
700 3474 777 3553 mea
797 3502 873 3549 cum
890 3496 1028 3572 aetate,
1054 3476 1100 3552 et'

45 3671 48 3684 Ι
123 3605 201 3654 cum
220 3600 301 3675 tua,
324 3586 450 3679 Brute,
477 3607 510 3661 et
533 3618 608 3664 curn
623 3591 790 3689 aliquanto
809 3590 991 3689 superiore,
1003 3617 1081 3691 con-

119 3693 289 3795 iungitur;
314 3700 473 3800 squidem
483 3730 516 3780 et
536 3706 654 3781 Crasso
681 3707 767 3783 vivo
800 3708 911 3782 dicere
939 3694 1079 3796 solebat,

49 3907 74 3920 ..
119 3827 154 3880 ct
173 3811 277 3911 magis
298 3813 366 3892 iarn
387 3814 488 3893 etiam
507 3819 642 3920 vigebat
668 3846 744 3900 cum
759 3822 932 3915 Antonio,
966 3842 1080 3899 etcum
