2302 4304
280 298 281 301 ¹
381 302 730 384 LIBERIII.
943 330 1008 379 221

55 498 122 554 tem
136 474 318 551 fortissimo
338 462 485 572 qlrodarir
500 472 599 545 animi
621 473 768 568 impetu,
790 466 1014 566 pleniffimaet

57 589 201 662 maxima
214 610 328 676 voce,
354 585 480 658 summa
489 585 700 657 contentione
712 579 884 675 corporis,
897 578 1015 677 etdig·
1097 605 1100 613 ¹

57 700 157 770 nitate
184 719 316 787 motus,
340 695 521 768 verborum
535 705 670 792 quoque
684 718 723 765 ea
738 691 897 791 gravitate
910 710 943 764 et
955 717 1015 765 co·

56 810 109 904 pia
127 807 193 899 est,
213 826 345 880 utunus
365 805 407 877 ad
424 806 602 878 dicendum
617 803 872 876 instmtliffimus
896 820 1017 874 anatu-
1114 794 1116 799 ’

57 947 92 993 ra
117 910 185 994 elle
213 921 371 996 videatur.
434 919 486 990 Ad
521 916 735 1013 nosmetipsos
752 916 817 986 iam
843 929 1058 999 revertort9

59 1027 237 1127 (quoniam
248 1025 292 1100 fic
304 1025 427 1098 fuimus
440 1026 566 1122 semper
580 1022 760 1120 comparati
771 1075 782 1106 ,
794 1040 832 1092 ut
843 1019 1017 1092 hominum
1035 1039 1067 1092 32

56 1136 264 1207 sermonibus
286 1132 374 1231 quast
393 1133 428 1204 in
455 1132 588 1230 aliquod
617 1129 839 1203 contentionis
859 1128 1018 1199 iudicium

57 1239 286 1339 vocaremur)
322 1241 403 1337 quid
427 1243 494 1312 'tam
520 1236 691 1328 dissimile,
722 1262 819 1334 quam
839 1260 903 1334 ego
917 1237 951 1307 in
965 1235 1018 1306 di·

60 1354 173 1426 cendo
195 1371 229 1427 et
249 1354 439 1427 llntoniu's?
471 1382 547 1428 cum
560 1355 612 1428 ille
625 1356 651 1427 is
665 1353 702 1428 fit
721 1373 857 1442 orator,
884 1369 920 1424 ut
937 1348 1019 1422 nihil

57 1493 104 1539 eo
125 1467 224 1565 possit
236 1466 297 1540 else
323 1467 560 1565 praestantius3
586 1493 650 1566 ego
673 1483 802 1554 autem,
820 1489 1019 1562 quamquam

57 1601 186 1651 memet
212 1579 278 1649 mei
296 1580 469 1675 poenitet,
497 1605 572 1651 cum
599 1580 666 1650 hoc
687 1579 827 1648 maxime
849 1577 1020 1679 tamenin

59 1691 312 1785 comparatione
334 1691 525 1786 coniungat.
587 1688 777 1777 Videtisne,
825 1697 925 1786 genus
951 1689 1020 1758 hoc

60 1801 157 1896 quod
189 1797 229 1870 fit
255 1798 421 1870 Antonii?
445 1800 532 1872 forte
544 1855 556 1887 ,
586 1803 785 1889 vehemens,
812 1819 1022 1873 commotum
1109 1787 1112 1792 ¹

57 1907 93 1976 in
108 1906 259 2004 agendo,
292 1911 531 2004 praemunitum
558 1931 592 1988 et
617 1933 658 1979 ex
688 1909 780 1979 omni
800 1930 890 2004 parte
910 1907 1023 1979 causae

58 2015 203 2111 septum,
233 2041 330 2102 acre,
359 2022 515 2111 acutum,
542 2020 764 2108 enucleatum,
781 2020 815 2090 in
828 2037 1023 2118 unaquaque

60 2149 96 2196 re
119 2149 350 2216 commorans,
373 2129 507 2201 honeste
521 2132 671 2220 cedens,
685 2132 801 2202 acriter
825 2131 1023 2227 insequenS,
1060 2184 1063 2189 -

59 2259 208 2327 terrens,
228 2238 428 2336 supplicam,
452 2243 578 2314 summa
587 2240 749 2315 orationis
761 2239 934 2324 varietate,
952 2240 1025 2309 nul-

60 2349 291 2423 lanostrarum
310 2353 436 2424 aurium
453 2353 604 2425 satietate.
654 2353 726 2422 Nos
739 2371 867 2437 amem,
883 2349 1024 2445 quicun-
1042 2359 1073 2415 33
1112 2341 1118 2355 ’

59 2465 131 2559 que*
142 2461 179 2531 in
202 2461 344 2532 dicendo
363 2462 473 2534 sumus
487 2461 504 2559 (
519 2459 676 2558 quoniam
697 2457 760 2530 effe
784 2456 893 2554 aliquo
910 2457 945 2528 in
964 2484 1026 2530 nu-

60 2597 157 2646 mero
176 2572 275 2647 vobis
292 2570 476 2669 videmur)
502 2587 589 2643 certe
600 2587 709 2642 tamen
722 2569 763 2641 ab
777 2569 872 2641 huius
886 2568 1026 2644 multum

61 2709 183 2783 genere
208 2683 379 2757 distamus:
411 2683 505 2781 quod
527 2681 620 2779 quale
634 2682 689 2772 fit,
715 2708 784 2755 non
795 2681 840 2754 est
851 2709 961 2756 meum
972 2685 1025 2757 di-

61 2819 157 2884 cere,
186 2812 363 2891 propterea
376 2794 469 2892 quod
484 2793 618 2864 minime
632 2792 689 2865 fibi
714 2795 850 2894 quisque
860 2816 960 2869 notus
968 2796 1027 2875 esi,

62 2923 96 2977 et
114 2905 306 2976 difficillime
330 2905 370 2976 de
384 2904 415 2976 se
430 2905 565 3003 quisque
586 2904 703 2978 sentit:
730 2906 784 2978 sed
809 2925 918 2978 tamen
938 2906 1027 2977 dissi·

62 3014 217 3086 militudo
233 3013 368 3111 intelligi
393 3012 527 3110 potest,
566 3030 598 3084 et
618 3039 660 3085 ex
677 3032 788 3086 motus
807 3016 873 3087 mei
895 3014 1027 3084 medio-

62 3126 193 3213 critate,
207 3140 240 3195 et
252 3148 293 3194 ex
312 3147 354 3194 eo
368 3176 379 3211 ,
393 3122 501 3221 quod,
526 3122 645 3220 quibus
656 3123 798 3222 vestigiis
819 3124 963 3219 primum
980 3123 1027 3196 in-

63 3233 156 3321 stiti,
181 3236 216 3306 in
239 3235 280 3306 iis
297 3232 365 3304 fere
379 3232 469 3305 soleo
483 3257 661 3329 perorare;
679 3254 722 3305 et
745 3232 838 3331 quod
862 3233 1028 3331 aliquanto

63 3368 121 3416 me
136 3342 245 3416 maior
261 3343 296 3414 in
309 3341 438 3432 verbis,
453 3368 552 3440 quam
572 3336 607 3414 in
628 3341 792 3418 sententiis
805 3341 960 3443 eligendis
978 3346 1028 3417 la·

64 3461 132 3533 bor
155 3476 190 3532 et
215 3485 292 3532 cura
314 3469 469 3555 torquet,
494 3480 692 3547 verentem,
718 3484 779 3549 ne,
799 3458 822 3529 s1
844 3460 943 3557 paulo
966 3459 1029 3530 ob·

62 3571 205 3648 soletior
230 3573 329 3645 fuerit
356 3573 486 3663 oratio,
509 3597 577 3645 non
608 3571 708 3669 digna
734 3569 970 3668 exspeslatione
996 3588 1030 3639 et

61 3684 196 3763 silentio
209 3684 301 3757 fuisse
313 3685 472 3759 videatur.
521 3683 650 3781 Quodsi
672 3684 707 3756 in
726 3683 840 3771 nobis,
859 3679 916 3777 qui
936 3676 1029 3748 adsu·
1046 3701 1079 3755 3⁴

44 3821 161 3889 mus,
184 3814 294 3872 tantae
307 3776 596 3896 dissunilitudines,
608 3812 795 3882 tamlcertae
809 3816 861 3868 res
876 3788 1031 3889 citiusque
1049 3831 1057 3842 ‚
