2302 4304
295 319 298 326 '
375 295 701 382 ORATOR
815 308 1023 427 ’,Λή
1095 302 1100 314 “

21 541 23 545 ,
54 465 184 562 verim.
232 465 403 538 Hoc-nec
426 464 561 563 gravim-
584 461 709 537 exstitit
738 461 934 562 quisquam,
960 492 1025 541 nee

56 575 217 649 callidior
226 622 244 666 ,-
259 600 326 648 nec
344 574 568 672 temperatior.
618 573 847 672 Itaque-nobis
864 579 1024 662 monendi

27 717 30 729 ·
57 685 137 758 sunt
149 684 195 774 ii,
218 707 362 780 quorum
379 681 487 758 sermo
505 681 676 779 imperitus
688 682 871 773 increbuit,
893 684 953 782 qui
968 706 1024 761 aut

59 792 131 867 dici
142 791 183 864 se
202 791 384 863 desiderant
396 787 542 881 Atticos,
564 806 621 862 aut
637 786 698 887 ipfi
717 789 826 865 Attice
838 786 958 872 volum
975 794 1024 866 di-

58 929 162 994 cere,
191 922 228 975 ut
246 904 407 975 mirentur
426 901 513 974 hunc
535 900 700 988 maxime,
726 927 796 1000 quo
814 926 857 975 ne
879 903 1025 991 Athenas
1100 993 1105 999 ι

59 1014 199 1114 quidem
213 1011 295 1109 ipsas
308 1010 411 1109 magis
424 1011 526 1084 credo
547 1008 640 1081 fuisse
660 1011 793 1084 Atticas.
818 1008 909 1107 Quid
934 1009 1026 1084 enim

44 1118 101 1196 'fit
115 1121 286 1211 Atticum,
311 1122 452 1212 discant,
474 1120 762 1241 eloquentiamque
774 1119 872 1219 ipsius
884 1107 1024 1216 viribus,

62 1255 136 1303 non
156 1175 377 1302 imbecillitate
398 1225 470 1315 sua,
494 1225 680 1300 metiantur.
729 1250 817 1300 nunc
848 1226 937 1300 enirn
950 1251 1023 1303 tan·
1042 1249 1078 1318 ἰ

62 1354 136 1424 tum
164 1335 300 1436 quisque
325 1334 455 1425 laudat,
472 1351 641 1431 quantum
661 1332 694 1406 se
708 1330 803 1430 poffe
825 1333 955 1432 sperat
945 1337 1023 1412 rmi-

62 1447 136 1520 tari.
185 1449 248 1519 Sed
265 1454 377 1518 tamen
394 1469 453 1517 eos
466 1441 579 1516 studio
596 1443 769 1540 optimo,
765 1444 900 1552 iudicio
914 1450 1024 1526 minus

63 1559 166 1635 firmo
188 1559 370 1656 praeditos,
397 1557 536 1645 docere,
563 1577 653 1661 quae
665 1553 705 1630 fit
718 1556 855 1654 propria
875 1542 944 1636 laus
959 1563 1041 1714 An·

63 1669 250 1777 ticorum,
251 1691 324 1741 ιιοιι
341 1664 481 1736 alienum
502 1676 616 1766 puto.¹

112 1779 249 1874 Semper
264 1793 435 1847 oratonun
456 1769 661 1876 eloquentiae
675 1769 878 1896 moderatrix
890 1732 952 1846 suit
962 1800 1018 1850 au·
1022 1713 1063 1855 8

63 1883 213 1957 ditorum
230 1880 413 1979 prudentia.
446 1881 579 1954 Omnes
594 1878 704 1968 enim,
730 1906 788 1977 qur
778 1881 937 1977 probari
950 1911 1019 1962 vo-

62 1997 157 2087 lunt,
183 1994 389 2070 voluntatem
407 2016 544 2081 eorum,
569 1991 626 2090 qui
647 1988 843 2078 andiunt,
833 2007 1019 2089 mosenum,

62 2110 105 2181 ad
119 2092 315 2203 eamque,
306 2120 339 2176 et
357 2102 399 2174 ad
415 2127 534 2175 eorum
554 2101 727 2186 arbitrium
740 2119 783 2178 'et
797 2124 913 2180 nutum
925 2126 1019 2195 totos
1036 2118 1040 2124 “

63 2220 96 2294 se
115 2218 244 2319 fingunt
266 2237 300 2291 et
311 2217 577 2291 accommodant
600 2215 715 2313 Itaque
727 2216 841 2308 Caria,
867 2236 900 2291 et
912 2221 1018 2318 Phry
1036 2205 1084 2303 αι’

62 2330 137 2428 gia,
162 2347 196 2401 et
220 2327 353 2426 Myfia,
375 2327 467 2425 quod
490 2322 626 2397 minime
647 2320 792 2434 politae,
814 2326 1054 2428 minimeque

21 2475 24 2481 ·
61 2438 226 2536 elegantes
260 2438 358 2523 sunt,
392 2435 599 2508 adsciverunt
625 2452 747 2534 ιριιιιιι
771 2433 850 2506 suis
885 2437 1018 2514 auribus

60 2550 213 2645 opimum
246 2548 416 2645 quoddam
451 2566 497 2623 et
512 2541 669 2668 tanquam·
696 2545 843 2641 adipatae
864 2546 1018 2628 diffionis

59 2681 183 2754 genus,
206 2657 320 2761 quod
318 2679 435 2728 eorum
453 2652 557 2728 vicini
575 2650 695 2750 (non
685 2670 732 2724 ιιι
752 2654 820 2727 lato
840 2655 1016 2734 interiecto
1101 2673 1105 2682 “

59 2765 161 2886 mari)
177 2756 300 2840 Rhodii
320 2791 489 2864 nunquam
509 2744 752 2861 probaverunt,
774 2769 895 2841 Graeci
908 2771 1016 2845 multo
1121 2758 1128 2774 '¹

60 2860 189 2965 minus,
218 2875 429 2947 Athenienses
450 2899 535 2947 vero
560 2871 707 2948 funditus
732 2879 1014 2973 repudiaverint:

59 3007 208 3082 quorum
225 2984 352 3081 semper
368 2984 428 3056 suit
443 2985 584 3082 prudens
602 2983 827 3086 sincerumque
841 2989 1060 3082 iudicium,
1075 2990 1077 2994 ’

59 3094 143 3184 nihil
164 3113 206 3168 ut
218 3095 371 3192 possent,
395 3096 453 3171 n1s1
465 3096 717 3194 mcorrupturlr,
743 3097 874 3186 audire,
896 3100 1012 3173 eteleae
1092 3160 1097 3170 .

38 3233 150 3307 ¹gans.
171 3232 287 3280 eorum
309 3206 460 3304 religioni
476 3232 549 3278 cum
573 3205 708 3278 serviret
722 3220 855 3292 orator,
882 3203 1010 3289 nullum
1046 3285 1048 3290 ,

31 3360 35 3365 >
59 3318 203 3393 verbum
226 3316 384 3405 insolens,
410 3311 533 3394 nullum
554 3310 706 3401 odiosum
719 3334 846 3404 ponere
859 3313 1009 3389 audebat.
1064 3348 1067 3352 ³

58 3426 175 3521 ltaque
197 3421 267 3514 hie,
300 3447 400 3521 quem
421 3416 608 3518 praestin'sse
637 3417 780 3490 diximus
808 3420 945 3513 cereris,
973 3423 1008 3495 in
1029 3441 1062 3494 ιι

58 3531 113 3603 illa
134 3556 199 3626 pro
219 3529 432 3628 Ctesiphonte
455 3525 613 3600 oratione
628 3521 726 3622 longe
743 3528 888 3623 optima,
915 3529 1010 3603 sums

59 3636 209 3711 mislusa
230 3638 358 3735 prim03
383 3638 518 3727 deinde,
543 3637 623 3718 dum
643 3635 684 3724 de
703 3634 827 3736 legibus
848 3636 1008 3732 disputat,

60 3745 205 3845 pressus:
230 3744 305 3842 post
321 3746 434 3835 senfim
458 3743 627 3836 incedens,
655 3741 779 3841 iudices
796 3763 832 3815 ut
849 3741 1007 3821 viditar·

113 3845 211 3915 Cicer.
231 3847 322 3938 Oper
348 3848 419 3917 Vol.
433 3841 479 3919 ΙΙ
589 3846 593 3853 ’
663 3839 821 3955 ’,Βὰ
