2302 4304
116 267 140 364 a
318 269 842 358 'naonnroaa

112 445 291 546 telligentia
313 445 471 544 sensuque
494 442 716 530 disiunctum
742 445 777 516 in
799 446 948 542 dicendo
965 469 1075 518 autem

112 558 233 633 vitium
261 559 316 634 vel
338 558 520 634 maximum
544 557 581 631 stt
605 584 623 634 a
646 559 776 656 vulgari
798 585 917 658 genere
944 563 1076 635 oratio·

112 673 162 746 nis
190 698 287 773 atque
314 700 332 745 a
355 673 590 745 consuetudine
615 675 802 748 communis
827 673 934 748 sensus
957 677 1077 748 abhor-

73 809 200 878 4rere
229 790 278 857 stc
305 810 346 856 ne
373 784 452 860 illud
471 782 612 879 quidem
641 800 720 854 vere'
749 784 815 856 dici
850 786 982 910 potest,
1018 807 1075 861 aut

65 893 220 991 rapltu'es
238 895 357 970 ceteris
384 892 508 965 art'ibus
534 892 713 984 inseruire,
737 913 794 965 aut
815 897 949 971 maiore
965 898 1075 970 delec-

109 1009 261 1100 tatione,
289 1027 366 1084 aut
348 1006 431 1106 spe
458 1006 638 1092 uberiore,
665 1027 721 1082 aut
746 1007 901 1104 praemiis
930 1009 970 1080 ad
996 1032 1075 1103 per-

58 1122 61 1127 ’
110 1065 302 1192 discenditin
335 1117 551 1214 amplioribus
565 1127 571 1146 ·’
585 1118 808 1193 commoveri.
860 1120 998 1215 Atque,
1037 1139 1075 1191 ut

109 1231 264 1302 omittam
285 1229 482 1317 Graeciam,
503 1251 591 1323 quae
613 1224 742 1320 semper
759 1225 966 1322 eloquentiae
981 1225 1075 1320 prin-

110 1367 187 1436 ceps
212 1340 277 1415 esse
300 1339 435 1428 voluit,
457 1356 559 1436 atque
582 1336 650 1407 illas
670 1334 823 1407 omnium
847 1334 1073 1408 doctrinarum

108 1451 311 1533 inventrices
342 1449 517 1532 Athenas,
553 1449 588 1520 in
622 1446 741 1543 quibus
774 1443 902 1515 summa
941 1442 1073 1518 dicendi

8 1564 13 1576 '
108 1560 161 1633 vis
186 1583 220 1631 et
247 1588 306 1632 un
308 1579 383 1632 enta
403 1557 450 1630 est
467 1576 500 1629 et
523 1555 699 1653 perfetta·
719 1553 755 1624 in
773 1553 835 1624 hac
856 1550 963 1647 rpsa
936 1570 1073 1629 civitate

110 1654 265 1765 profesio
294 1669 381 1740 nulla
409 1690 554 1773 unquam
587 1661 843 1750 vehementius,
869 1685 968 1756 quam
996 1659 1073 1731 elo·

65 1817 94 1864 14
110 1781 265 1878 quentiae
291 1779 395 1853 sludia
422 1779 624 1903 viguerunt
621 1768 728 1848 Nain
747 1771 1016 1871 posteaquam,
1007 1798 1074 1844 nn-
1099 1774 1103 1780 ’

100 1894 206 2017 perio
226 1893 377 1965 omnium
398 1889 546 1988 gentium
570 1886 777 1985 constituto,
794 1882 989 1956 diuturnitas
1009 1908 1073 1980 pa·-

109 2003 158 2084 c'is
181 2003 288 2075 otium
317 1997 557 2092 confirmavit,
585 2008 687 2072 nemo
713 1999 784 2071 fere
806 1997 909 2070 laudis
935 1996 1074 2094 cupidus

109 2110 298 2189 adolescens
323 2116 402 2189 'non
427 2109 488 2183 fibi
506 2112 745 2185 addicendum
764 2109 871 2181 studio
894 2109 988 2180 omni
1002 2108 1072 2180 eni-

77 2236 80 2241 ’
108 2225 246 2297 tendum
273 2224 415 2321 putavit.
449 2225 499 2298 Ac
521 2223 632 2321 primo
659 2222 794 2320 quidem
814 2219 916 2292 totius
933 2218 1074 2292 rationis

43 2379 46 2387 «
108 2331 235 2429 ignari,
260 2331 318 2436 qui
345 2357 453 2447 neque
476 2333 721 2407 exercitationis
753 2330 907 2403 ullam
872 2357 990 2422 viam,
1009 2359 1072 2406 ne-

76 2445 178 2536 ·'que
204 2429 341 2538 aliquod
366 2462 580 2566 praeceptum
606 2444 684 2517 artis
710 2443 776 2534 effe
806 2443 1073 2533 arbitrarentur,

103 2558 259 2636 tantum,
277 2570 436 2643 quantum
460 2551 596 2648 ingenio
623 2574 656 2626 et
678 2551 882 2650 cogitatione
901 2574 1071 2647 poterant,

109 2639 404 2779 consequebantur
449 2659 527 2733 Post
559 2683 690 2753 autem,
731 2662 849 2740 auditis
880 2665 1073 2739 oratoribus

100 2759 277 2851 Graecis,
314 2762 521 2863 cognitisque
547 2792 665 2840 eor-um
698 2770 823 2860 literiS,
852 2772 1070 2872 adhibitisque

27 2946 30 2952 ,
103 2815 320 2959 ’ἀοᾶοτίὺῖιε,
344 2872 529 2950 incredibili
547 2877 692 2974 quodam
720 2825 823 2950 nostri
848 2880 999 2955 homines
1023 2884 1071 2956 di-

62 2990 88 3063 ις
104 2978 206 3055 ,cendi
228 2977 336 3050 studio
365 2977 600 3076 flagraverunt.
625 2975 797 3059 Eicitabat
820 3012 878 3061 eos
900 2989 1070 3085 magniru÷
1109 3077 1114 3084 ‚

108 3092 154 3162 do
176 3110 209 3161 et
229 3090 394 3186 varietas,
416 3091 661 3192 multitudoque
680 3096 715 3167 in
732 3097 827 3169 omni
854 3123 972 3195 genere
990 3127 1070 3175 cau-

108 3203 215 3274 sarum
224 3245 241 3294 ,1
262 3225 298 3277 ut
326 3206 469 3279 adeam
498 3204 702 3298 doctrinam,
729 3235 828 3306 quam
852 3209 911 3281 suo
931 3211 1069 3309 quisque

108 3313 214 3391 studio
238 3315 398 3389 assecutus
421 3317 522 3408 effer,
547 3318 779 3415 adiungeretur
805 3320 879 3392 usus
901 3319 1070 3418 frequent,

92 3422 164 3519 'qni
190 3423 339 3494 omnium
363 3425 595 3523 magistrorum
616 3444 790 3522 praecepta
815 3426 995 3523 superaret
1019 3430 1069 3498 E-

99 3549 180 3606 rant
203 3547 321 3603 autem.
334 3529 411 3604 huic
432 3529 538 3608 {ludio
565 3532 730 3623 maxima,
758 3558 841 3631 quae
866 3559 952 3605 nunc
978 3560 1068 3630 quoa

105 3660 180 3738 que·
189 3633 285 3722 suut,
303 3637 451 3734 exposita
465 3638 608 3735 praemia
623 3692 633 3727 ,
647 3638 702 3710 vel
712 3639 759 3724 ,ad
779 3637 937 3735 gratiam,
956 3639 1009 3710 vel
1024 3640 1068 3710 ad

36 3801 39 3807 ·
106 3764 199 3852 opes,
208 3747 264 3823 vel
273 3748 315 3847 ad.
329 3749 531 3858 dignitatem.
542 3748 675 3855 Ingenia
683 3772 766 3824 vero
777 3745 832 3854 (ut
845 3747 955 3840 multis,
967 3744 1067 3825 rebu's
