2304 4304
377 273 603 375 utana
656 240 709 350 1'1.
926 215 1075 380 '97'

49 432 87 507 C.
101 432 248 507 Lucilius
263 445 288 524 ,'
305 435 412 506 homo
423 445 425 449 ’
438 435 554 508 doetus
580 454 613 508 et
639 437 873 534 perurbanus,
909 439 1023 515 dicere

49 545 171 617 solebat
179 569 289 634 ,.¹‚ea,
330 568 414 642 quae
449 544 634 632 scriberet,
661 549 781 645 'neque
823 549 864 621 ab
898 549 1021 626 indoc-

50 656 175 734 tiffimis
198 655 252 747 se,
277 681 384 754 neque
414 656 456 727 ab
484 656 674 730 dodiffimis
700 658 765 756 legi
788 660 898 748 velle3
928 666 1022 762 quod

52 764 142 838 alteri
189 760 271 854 nihil
311 765 558 863 intelligerent,
613 766 706 851 alteri
753 768 826 866 plus
864 769 1021 868 fortasse,

54 899 153 971 quam
175 872 265 970 ipse:
303 897 374 970 quo
400 875 500 945 etiam
526 872 675 971 scripsit,
714 875 852 974 Perfium
877 906 943 949 non
969 908 1023 952 cu-

38 1013 84 1065 ¹ro
110 989 227 1079 legere:
264 980 348 1079 (hic
371 983 461 1053 enim
487 982 564 1073 fuit,
597 999 634 1055 ut
660 1003 841 1075 noramuS,
874 987 1025 1063 omnium
1072 1049 1076 1060 .

51 1095 118 1190 sere
169 1086 379 1194 nostrorum·
398 1093 573 1167 hominum
624 1094 824 1193 dodissnnus
844 1096 887 1197 z)
945 1103 1025 1172 Lao-

53 1212 127 1280 lium
147 1209 319 1279 Decimum
336 1213 427 1297 volo,
466 1205 591 1305 (quem
603 1206 825 1306 cognovimus
835 1209 1027 1283 virumbo-
1135 1227 1139 1236 '

54 1334 158 1407 num,
196 1334 230 1390 et
249 1342 321 1389 non
341 1317 556 1403 illiteratum,
586 1316 641 1390 sed
670 1316 752 1388 nihil
767 1316 809 1388 ad
833 1316 1025 1418 Persiumt)

29 1504 31 1508 a
55 1430 96 1502 fic
109 1454 196 1527 ego,
220 1428 244 1501 si
264 1429 428 1502 iammihi
456 1429 685 1526 disputandum
711 1427 749 1500 sit
774 1429 815 1501 de
840 1428 890 1503 his
907 1431 1052 1505 nostris‘

56 1539 190 1628 studiis,
209 1540 314 1617 nolim
332 1540 486 1640 equidem
503 1543 592 1639 apud
604 1539 765 1630 rusticos,
779 1539 835 1613 secl
845 1542 951 1615 multo
964 1544 1028 1616 mi·

55 1674 113 1726 mu·
136 1653 228 1750 apud
253 1677 328 1726 vos.
364 1650 455 1722 malo
482 1653 571 1724 enim
589 1678 659 1724 non
676 1651 812 1750 intelligi
838 1653 1067 1745 orationem7

57 1777 190 1854 meam,
208 1788 308 1862 quam
320 1762 527 1860 reprehendi.
576 1764 666 1835 Tum
678 1764 827 1854 Caesar,
850 1763 1028 1861 Equidem,
1043 1769 1077 1823 ²⁶

55 1869 184 1972 inquit,
209 1869 345 1961 Catule,
376 1871 443 1941 iam
466 1869 550 1943 mihi
574 1870 696 1944 videor
716 1855 849 1944 navalle
864 1894 1028 1968 operam,

57 1980 228 2081 quodhuc
245 1980 406 2054 venerim.
431 2005 510 2050 nam
522 1980 605 2052 haec
619 1979 687 2077 ipsa
699 1981 861 2054 recusatio
881 1981 1027 2078 disputa·

55 2094 173 2184 tionis,
199 2091 373 2188 disputatio
399 2091 560 2189 quaedam
577 2088 642 2163 suit
661 2092 743 2164 mihi
760 2093 1042 2190 quidem·periu··

56 2207 176 2279 ctmda.
211 2205 291 2289 ‚sed
304 2228 364 2276 cur
374 2203 572 2302 impedimus
590 2206 798 2294 Antonium,
821 2207 914 2278 cuius
928 2205 1030 2276 audio

56 2313 119 2386 effe
132 2318 259 2410 partes,
276 2328 315 2383 ut
334 2311 375 2384 de
388 2314 468 2382 tota
480 2311 668 2408 eloquentia
683 2311 836 2400 disserat,
861 2333 1030 2408 quemque

56 2423 253 2496 iamdudum
264 2421 408 2493 Cottaet
419 2415 582 2517 Sulpiciua
598 2419 813 2516 exspetlantl
842 2423 917 2517 Ego
930 2438 1028 2512 vero,
1044 2416 1082 2494 η’

58 2531 167 2630 inquit
184 2528 334 2619 Crassus,
351 2551 462 2626 neque
479 2524 665 2598 Antonium
678 2524 820 2599 verbum
843 2524 954 2599 facere
967 2548 1029 2626 pa-

59 2642 147 2734 tiar‚
170 2660 209 2715 et
231 2638 558 2739 ipseobmu'tescam,
585 2635 645 2708 nisi
666 2637 757 2735 prius
775 2637 1029 2738 avobisimpe·

58 2767 166 2825 narni
216 2748 415 2843 Quidmm?
436 2747 544 2846 inquit
560 2745 706 2820 Cantus.
755 2749 803 2820 Ut
815 2746 870 2820 hic
882 2749 948 2822 fitis
961 2753 1029 2822 ho-

61 2862 126 2938 die'.
165 2865 287 2960 Tum,
314 2887 392 2933 cum
412 2860 464 2933 ille
481 2860 661 2947 dubitaret,
690 2860 784 2960 quod
812 2861 869 2934 ad·
888 2859 1028 2934 fratrem
1133 2899 1137 2908 ·

60 2971 273 3071 promiserat,
287 2973 376 3068 Ego,
396 2970 504 3068 inquit
516 2969 615 3042 lulius
628 3014 639 3054 ,
653 2993 718 3064 pro
728 2983 874 3065 utroque
885 2968 1028 3065 respon·
1052 2988 1053 2991 ’

62 3085 129 3154 deo
139 3066 209 3154 :sic
222 3078 397 3153 faciemus:
418 3095 517 3175 atque
525 3076 584 3148 ista
597 3074 734 3174 quidem
749 3074 962 3163 conditione,
973 3071 1028 3147 vel

61 3183 258 3278 mderhum
269 3191 394 3263 nullum
405 3189 552 3276 faceres,
572 3214 627 3261 me
649 3206 787 3260 teneres.
813 3185 878 3258 Hic
892 3184 1079 3260 Catduslat

10 3377 13 3385 ,
63 3301 187 3374 arrisit:
201 3319 234 3373 et
245 3299 339 3390 fimul
349 3303 368 3390 ,’
378 3298 554 3386 praecisa,
571 3295 696 3393 inquit,
721 3293 804 3367 mihi
815 3293 950 3390 quidem
964 3295 1029 3368 du·

62 3415 183 3488 bitatio
202 3413 268 3503 est,
288 3411 449 3510 quoniam
463 3435 570 3507 neque
580 3409 675 3481 domi
684 3407 899 3504 imperaram3
919 3407 1030 3499 ethic,

64 3524 154 3620 apud
170 3532 272 3621 quem
295 3546 387 3593 eram
406 3520 560 3611 futurus,
597 3519 664 3593 sme
683 3541 757 3596 mea
786 3517 943 3595 sententia
958 3534 1029 3591 tam

63 3635 163 3709 facile
189 3633 349 3733 promisit.
745 3662 748 3667 ¹

117 3749 216 3836 ¹Tum
228 3770 344 3819 omnes
356 3743 473 3818 oculos
486 3744 524 3814 in
536 3743 721 3820 Antonium
738 3742 973 3819 coniecerunt:
995 3753 1029 3814 et
1104 3778 1106 3782 ⁷

123 3848 219 3940 Cicer,
248 3847 343 3939 Oper.
369 3847 441 3937 Vol.
470 3842 520 3917 ΙΙ.
663 3883 668 3892 ·
799 3840 835 3912 G
886 3841 888 3845 ’
931 3892 939 3901 .
