<?xml version="1.0" encoding="UTF-8"?>
<!DOCTYPE html PUBLIC "-//W3C//DTD XHTML 1.0 Transitional//EN"
    "http://www.w3.org/TR/xhtml1/DTD/xhtml1-transitional.dtd">
<html xmlns="http://www.w3.org/1999/xhtml" xml:lang="en" lang="en">
 <head>
  <title>
</title>
<meta http-equiv="Content-Type" content="text/html;charset=utf-8" />
  <meta name='ocr-system' content='tesseract 3.04.00' />
  <meta name='ocr-capabilities' content='ocr_page ocr_carea ocr_par ocr_line ocrx_word'/>
</head>
<body>
  <div class='ocr_page' id='page_1' title='image "./mtulliiciceroni00plutgoog_0314.png"; bbox 0 0 2304 4304; ppageno 0'>
   <div class='ocr_carea' id='block_1_1' title="bbox 390 275 1024 409">
    <p class='ocr_par' dir='ltr' id='par_1_1' title="bbox 390 275 1024 409">
     <span class='ocr_line' id='line_1_1' title="bbox 390 275 1024 409; baseline -0.002 -30"><span class='ocrx_word' id='word_1_1' title='bbox 390 275 702 379; x_wconf 71' lang='lat' dir='ltr'>neuros</span> <span class='ocrx_word' id='word_1_2' title='bbox 818 400 822 409; x_wconf 26' lang='grc'><strong><em>1</em></strong></span> <span class='ocrx_word' id='word_1_3' title='bbox 959 332 1024 405; x_wconf 64' lang='grc' dir='ltr'>μς</span> 
     </span>
    </p>
   </div>
   <div class='ocr_carea' id='block_1_2' title="bbox 11 466 1130 3902">
    <p class='ocr_par' dir='ltr' id='par_1_2' title="bbox 11 466 1030 898">
     <span class='ocr_line' id='line_1_2' title="bbox 65 466 1030 569; baseline -0.002 -28"><span class='ocrx_word' id='word_1_4' title='bbox 65 467 268 542; x_wconf 87' lang='lat' dir='ltr'>&#39;carminibus</span> <span class='ocrx_word' id='word_1_5' title='bbox 284 469 421 569; x_wconf 70' lang='lat' dir='ltr'>intelligi</span> <span class='ocrx_word' id='word_1_6' title='bbox 443 468 578 566; x_wconf 85' lang='lat' dir='ltr'>potest,</span> <span class='ocrx_word' id='word_1_7' title='bbox 601 494 683 565; x_wconf 88' lang='lat' dir='ltr'>quae</span> <span class='ocrx_word' id='word_1_8' title='bbox 698 467 784 563; x_wconf 89' lang='lat' dir='ltr'>apud</span> <span class='ocrx_word' id='word_1_9' title='bbox 799 466 912 557; x_wconf 89' lang='lat' dir='ltr'>illum,</span> <span class='ocrx_word' id='word_1_10' title='bbox 936 484 969 539; x_wconf 93' lang='lat' dir='ltr'>et</span> <span class='ocrx_word' id='word_1_11' title='bbox 994 469 1030 540; x_wconf 92' lang='lat' dir='ltr'>in</span> 
     </span>
     <span class='ocr_line' id='line_1_3' title="bbox 66 578 1025 682; baseline 0.003 -33"><span class='ocrx_word' id='word_1_12' title='bbox 66 580 270 670; x_wconf 89' lang='lat' dir='ltr'>Phaeacum,</span> <span class='ocrx_word' id='word_1_13' title='bbox 292 603 325 653; x_wconf 88' lang='lat' dir='ltr'>et</span> <span class='ocrx_word' id='word_1_14' title='bbox 342 581 377 652; x_wconf 88' lang='lat' dir='ltr'>in</span> <span class='ocrx_word' id='word_1_15' title='bbox 390 606 574 681; x_wconf 88' lang='lat' dir='ltr'>procorum</span> <span class='ocrx_word' id='word_1_16' title='bbox 588 579 690 675; x_wconf 83' lang='lat' dir='ltr'>epulis</span> <span class='ocrx_word' id='word_1_17' title='bbox 705 596 874 651; x_wconf 89' lang='lat' dir='ltr'>canuntur.</span> <span class='ocrx_word' id='word_1_18' title='bbox 899 578 1025 682; x_wconf 72' lang='lat' dir='ltr'>¹Quid?</span> 
     </span>
     <span class='ocr_line' id='line_1_4' title="bbox 65 689 620 767; baseline -0.004 -5"><span class='ocrx_word' id='word_1_19' title='bbox 65 689 168 762; x_wconf 87' lang='lat' dir='ltr'>nostri</span> <span class='ocrx_word' id='word_1_20' title='bbox 180 716 310 764; x_wconf 86' lang='lat' dir='ltr'>veteres</span> <span class='ocrx_word' id='word_1_21' title='bbox 322 692 435 767; x_wconf 85' lang='lat' dir='ltr'>versus</span> <span class='ocrx_word' id='word_1_22' title='bbox 448 692 506 764; x_wconf 85' lang='lat' dir='ltr'>ubi</span> <span class='ocrx_word' id='word_1_23' title='bbox 521 690 620 762; x_wconf 84' lang='lat' dir='ltr'>sunt?</span> 
     </span>
     <span class='ocr_line' id='line_1_5' title="bbox 11 805 904 898; baseline -0.001 -23"><span class='ocrx_word' id='word_1_24' title='bbox 11 816 15 821; x_wconf 87' lang='lat'>&#39;</span> <span class='ocrx_word' id='word_1_25' title='bbox 109 843 128 857; x_wconf 93' lang='lat'>-</span> <span class='ocrx_word' id='word_1_26' title='bbox 156 844 175 857; x_wconf 92' lang='lat'>-</span> <span class='ocrx_word' id='word_1_27' title='bbox 200 833 276 898; x_wconf 87' lang='lat' dir='ltr'>quos</span> <span class='ocrx_word' id='word_1_28' title='bbox 294 809 369 877; x_wconf 86' lang='lat' dir='ltr'>olim</span> <span class='ocrx_word' id='word_1_29' title='bbox 390 808 527 891; x_wconf 84' lang='lat' dir='ltr'>Fauni,</span> <span class='ocrx_word' id='word_1_30' title='bbox 552 805 692 896; x_wconf 77' lang='lat' dir='ltr'>vatesque</span> <span class='ocrx_word' id='word_1_31' title='bbox 724 808 904 891; x_wconf 82' lang='lat' dir='ltr'>canebant,</span> 
     </span>
    </p>

    <p class='ocr_par' dir='ltr' id='par_1_3' title="bbox 114 917 1030 1015">
     <span class='ocr_line' id='line_1_6' title="bbox 114 917 1030 1015; baseline 0.004 -30"><span class='ocrx_word' id='word_1_32' title='bbox 114 919 196 987; x_wconf 85' lang='lat' dir='ltr'>Cum</span> <span class='ocrx_word' id='word_1_33' title='bbox 213 946 306 1012; x_wconf 84' lang='lat' dir='ltr'>neque</span> <span class='ocrx_word' id='word_1_34' title='bbox 318 919 483 1011; x_wconf 83' lang='lat' dir='ltr'><em>Musarum</em></span> <span class='ocrx_word' id='word_1_35' title='bbox 498 917 647 1010; x_wconf 81' lang='lat' dir='ltr'>scopulos</span> <span class='ocrx_word' id='word_1_36' title='bbox 674 918 1030 1015; x_wconf 81' lang='lat' dir='ltr'>quisquamsuperarat,</span> 
     </span>
    </p>

    <p class='ocr_par' dir='ltr' id='par_1_4' title="bbox 110 1024 673 1123">
     <span class='ocr_line' id='line_1_7' title="bbox 110 1024 673 1123; baseline 0.011 -33"><span class='ocrx_word' id='word_1_37' title='bbox 110 1025 186 1092; x_wconf 80' lang='lat' dir='ltr'>Nec·</span> <span class='ocrx_word' id='word_1_38' title='bbox 203 1025 280 1091; x_wconf 68' lang='lat' dir='ltr'>dicti</span> <span class='ocrx_word' id='word_1_39' title='bbox 293 1024 456 1123; x_wconf 81' lang='lat' dir='ltr'>studiosus</span> <span class='ocrx_word' id='word_1_40' title='bbox 478 1026 566 1093; x_wconf 72' lang='lat' dir='ltr'>erat:</span> <span class='ocrx_word' id='word_1_41' title='bbox 590 1075 673 1121; x_wconf 25' lang='lat'><strong>...¹0</strong></span> 
     </span>
    </p>

    <p class='ocr_par' dir='ltr' id='par_1_5' title="bbox 26 1132 1130 3902">
     <span class='ocr_line' id='line_1_8' title="bbox 108 1132 400 1231; baseline 0.01 -33"><span class='ocrx_word' id='word_1_42' title='bbox 108 1134 200 1231; x_wconf 71' lang='lat' dir='ltr'>Arete</span> <span class='ocrx_word' id='word_1_43' title='bbox 223 1132 305 1200; x_wconf 79' lang='lat' dir='ltr'>dunc</span> <span class='ocrx_word' id='word_1_44' title='bbox 320 1184 327 1201; x_wconf 92' lang='lat'><strong><em>.</em></strong></span> <span class='ocrx_word' id='word_1_45' title='bbox 343 1185 351 1201; x_wconf 87' lang='lat'><strong>.</strong></span> <span class='ocrx_word' id='word_1_46' title='bbox 368 1183 400 1201; x_wconf 89' lang='lat'>..</span> 
     </span>
     <span class='ocr_line' id='line_1_9' title="bbox 62 1241 1030 1340; baseline 0.004 -25"><span class='ocrx_word' id='word_1_47' title='bbox 62 1243 107 1317; x_wconf 87' lang='lat' dir='ltr'>ait</span> <span class='ocrx_word' id='word_1_48' title='bbox 130 1244 200 1340; x_wconf 87' lang='lat' dir='ltr'>ipse</span> <span class='ocrx_word' id='word_1_49' title='bbox 217 1245 258 1316; x_wconf 93' lang='lat' dir='ltr'>de</span> <span class='ocrx_word' id='word_1_50' title='bbox 280 1242 328 1331; x_wconf 83' lang='lat' dir='ltr'>se3</span> <span class='ocrx_word' id='word_1_51' title='bbox 354 1269 416 1315; x_wconf 91' lang='lat' dir='ltr'>nec</span> <span class='ocrx_word' id='word_1_52' title='bbox 432 1242 589 1314; x_wconf 85' lang='lat' dir='ltr'>mentitur</span> <span class='ocrx_word' id='word_1_53' title='bbox 612 1241 647 1313; x_wconf 91' lang='lat' dir='ltr'>in</span> <span class='ocrx_word' id='word_1_54' title='bbox 662 1241 847 1339; x_wconf 74' lang='lat' dir='ltr'>gloriando,</span> <span class='ocrx_word' id='word_1_55' title='bbox 874 1243 919 1318; x_wconf 85' lang='lat' dir='ltr'>lic</span> <span class='ocrx_word' id='word_1_56' title='bbox 940 1245 1030 1319; x_wconf 90' lang='lat' dir='ltr'>enim</span> 
     </span>
     <span class='ocr_line' id='line_1_10' title="bbox 60 1356 1030 1455; baseline 0.002 -27"><span class='ocrx_word' id='word_1_57' title='bbox 60 1356 126 1428; x_wconf 84' lang='lat' dir='ltr'>sese</span> <span class='ocrx_word' id='word_1_58' title='bbox 140 1380 195 1446; x_wconf 75' lang='lat' dir='ltr'>res</span> <span class='ocrx_word' id='word_1_59' title='bbox 212 1357 320 1431; x_wconf 90' lang='lat' dir='ltr'>habet.</span> <span class='ocrx_word' id='word_1_60' title='bbox 355 1380 479 1451; x_wconf 84' lang='lat' dir='ltr'>namet</span> <span class='ocrx_word' id='word_1_61' title='bbox 497 1356 645 1455; x_wconf 79' lang='lat' dir='ltr'>Odyssea</span> <span class='ocrx_word' id='word_1_62' title='bbox 658 1357 773 1428; x_wconf 86' lang='lat' dir='ltr'>Latina</span> <span class='ocrx_word' id='word_1_63' title='bbox 796 1356 863 1447; x_wconf 89' lang='lat' dir='ltr'>est,</span> <span class='ocrx_word' id='word_1_64' title='bbox 883 1357 940 1448; x_wconf 90' lang='lat' dir='ltr'>fic,</span> <span class='ocrx_word' id='word_1_65' title='bbox 953 1378 1030 1431; x_wconf 91' lang='lat' dir='ltr'>tan·</span> 
     </span>
     <span class='ocr_line' id='line_1_11' title="bbox 62 1454 1030 1566; baseline 0 -25"><span class='ocrx_word' id='word_1_66' title='bbox 62 1495 166 1566; x_wconf 89' lang='lat' dir='ltr'>quam</span> <span class='ocrx_word' id='word_1_67' title='bbox 193 1454 277 1565; x_wconf 83' lang='lat' dir='ltr'>opus</span> <span class='ocrx_word' id='word_1_68' title='bbox 307 1467 442 1565; x_wconf 85' lang='lat' dir='ltr'>aliquod</span> <span class='ocrx_word' id='word_1_69' title='bbox 464 1467 622 1557; x_wconf 83' lang='lat' dir='ltr'>Daedali,</span> <span class='ocrx_word' id='word_1_70' title='bbox 650 1489 683 1540; x_wconf 93' lang='lat' dir='ltr'>et</span> <span class='ocrx_word' id='word_1_71' title='bbox 706 1468 862 1541; x_wconf 87' lang='lat' dir='ltr'>Livianae</span> <span class='ocrx_word' id='word_1_72' title='bbox 882 1468 1030 1561; x_wconf 81' lang='lat' dir='ltr'>fabulae,</span> 
     </span>
     <span class='ocr_line' id='line_1_12' title="bbox 59 1578 1081 1676; baseline -0.006 -25"><span class='ocrx_word' id='word_1_73' title='bbox 59 1579 218 1652; x_wconf 83' lang='lat' dir='ltr'>nonsatis</span> <span class='ocrx_word' id='word_1_74' title='bbox 233 1580 374 1676; x_wconf 87' lang='lat' dir='ltr'>dignae,</span> <span class='ocrx_word' id='word_1_75' title='bbox 396 1603 480 1676; x_wconf 88' lang='lat' dir='ltr'>quae</span> <span class='ocrx_word' id='word_1_76' title='bbox 500 1578 622 1650; x_wconf 89' lang='lat' dir='ltr'>iterum</span> <span class='ocrx_word' id='word_1_77' title='bbox 646 1579 804 1676; x_wconf 88' lang='lat' dir='ltr'>legantur.</span> <span class='ocrx_word' id='word_1_78' title='bbox 854 1582 962 1676; x_wconf 83' lang='lat' dir='ltr'>Atque</span> <span class='ocrx_word' id='word_1_79' title='bbox 976 1579 1030 1653; x_wconf 92' lang='lat' dir='ltr'>hic</span> <span class='ocrx_word' id='word_1_80' title='bbox 1048 1608 1081 1660; x_wconf 86' lang='lat'>72</span> 
     </span>
     <span class='ocr_line' id='line_1_13' title="bbox 59 1686 1031 1788; baseline -0.001 -27"><span class='ocrx_word' id='word_1_81' title='bbox 59 1686 199 1776; x_wconf 79' lang='lat' dir='ltr'>Livius,</span> <span class='ocrx_word' id='word_1_82' title='bbox 224 1690 420 1788; x_wconf 83' lang='lat' dir='ltr'>quiprimtts</span> <span class='ocrx_word' id='word_1_83' title='bbox 441 1689 606 1776; x_wconf 84' lang='lat' dir='ltr'>fabulam,</span> <span class='ocrx_word' id='word_1_84' title='bbox 634 1688 675 1760; x_wconf 88' lang='lat' dir='ltr'>C.</span> <span class='ocrx_word' id='word_1_85' title='bbox 705 1686 830 1760; x_wconf 88' lang='lat' dir='ltr'>Clodio</span> <span class='ocrx_word' id='word_1_86' title='bbox 848 1689 948 1760; x_wconf 90' lang='lat' dir='ltr'>Caeci</span> <span class='ocrx_word' id='word_1_87' title='bbox 960 1687 1031 1760; x_wconf 88' lang='lat' dir='ltr'>filio</span> 
     </span>
     <span class='ocr_line' id='line_1_14' title="bbox 57 1799 1032 1895; baseline -0.003 -21"><span class='ocrx_word' id='word_1_88' title='bbox 57 1822 93 1876; x_wconf 88' lang='lat' dir='ltr'>et</span> <span class='ocrx_word' id='word_1_89' title='bbox 105 1807 154 1875; x_wconf 92' lang='lat' dir='ltr'>M.</span> <span class='ocrx_word' id='word_1_90' title='bbox 169 1803 340 1875; x_wconf 88' lang='lat' dir='ltr'>Tuditano</span> <span class='ocrx_word' id='word_1_91' title='bbox 354 1801 564 1893; x_wconf 82' lang='lat' dir='ltr'>consulibus,</span> <span class='ocrx_word' id='word_1_92' title='bbox 587 1802 726 1886; x_wconf 86' lang='lat' dir='ltr'>docuit,</span> <span class='ocrx_word' id='word_1_93' title='bbox 750 1825 838 1871; x_wconf 91' lang='lat' dir='ltr'>anno</span> <span class='ocrx_word' id='word_1_94' title='bbox 859 1799 954 1895; x_wconf 81' lang='lat' dir='ltr'>ipso,</span> <span class='ocrx_word' id='word_1_95' title='bbox 977 1826 1032 1872; x_wconf 89' lang='lat' dir='ltr'>an·</span> 
     </span>
     <span class='ocr_line' id='line_1_15' title="bbox 58 1904 1031 2011; baseline -0.002 -25"><span class='ocrx_word' id='word_1_96' title='bbox 58 1934 197 2011; x_wconf 88' lang='lat' dir='ltr'>tequam</span> <span class='ocrx_word' id='word_1_97' title='bbox 218 1935 313 1990; x_wconf 89' lang='lat' dir='ltr'>natus</span> <span class='ocrx_word' id='word_1_98' title='bbox 342 1913 389 1986; x_wconf 86' lang='lat' dir='ltr'>est</span> <span class='ocrx_word' id='word_1_99' title='bbox 414 1912 537 1986; x_wconf 86' lang='lat' dir='ltr'>Ennius</span> <span class='ocrx_word' id='word_1_100' title='bbox 555 1904 670 2010; x_wconf 63' lang='lat' dir='ltr'>;&#39;post</span> <span class='ocrx_word' id='word_1_101' title='bbox 700 1916 844 1987; x_wconf 86' lang='lat' dir='ltr'>Romam</span> <span class='ocrx_word' id='word_1_102' title='bbox 861 1909 1031 1984; x_wconf 90' lang='lat' dir='ltr'>conditam</span> 
     </span>
     <span class='ocr_line' id='line_1_16' title="bbox 47 2017 1029 2124; baseline 0 -28"><span class='ocrx_word' id='word_1_103' title='bbox 47 2017 171 2098; x_wconf 54' lang='lat' dir='ltr'>&#39;autem</span> <span class='ocrx_word' id='word_1_104' title='bbox 192 2025 445 2124; x_wconf 85' lang='lat' dir='ltr'>quartodecimo</span> <span class='ocrx_word' id='word_1_105' title='bbox 469 2048 502 2097; x_wconf 91' lang='lat' dir='ltr'>et</span> <span class='ocrx_word' id='word_1_106' title='bbox 516 2024 802 2124; x_wconf 79' lang='lat' dir='ltr'>quingentesrmO,</span> <span class='ocrx_word' id='word_1_107' title='bbox 821 2041 863 2094; x_wconf 85' lang='lat' dir='ltr'>ut</span> <span class='ocrx_word' id='word_1_108' title='bbox 876 2019 936 2094; x_wconf 80' lang='lat' dir='ltr'>&#39;hic</span> <span class='ocrx_word' id='word_1_109' title='bbox 953 2021 999 2096; x_wconf 89' lang='lat' dir='ltr'>ait</span> <span class='ocrx_word' id='word_1_110' title='bbox 1017 2064 1029 2102; x_wconf 78' lang='lat'>‚</span> 
     </span>
     <span class='ocr_line' id='line_1_17' title="bbox 56 2136 1030 2235; baseline 0.003 -27"><span class='ocrx_word' id='word_1_111' title='bbox 56 2163 161 2234; x_wconf 87' lang='lat' dir='ltr'>quem</span> <span class='ocrx_word' id='word_1_112' title='bbox 179 2163 240 2210; x_wconf 87' lang='lat' dir='ltr'>nos</span> <span class='ocrx_word' id='word_1_113' title='bbox 255 2137 432 2235; x_wconf 87' lang='lat' dir='ltr'>sequimur.</span> <span class='ocrx_word' id='word_1_114' title='bbox 495 2136 551 2208; x_wconf 90' lang='lat' dir='ltr'>Est</span> <span class='ocrx_word' id='word_1_115' title='bbox 570 2137 661 2210; x_wconf 91' lang='lat' dir='ltr'>enim</span> <span class='ocrx_word' id='word_1_116' title='bbox 672 2160 676 2168; x_wconf 92' lang='lat'>·</span> <span class='ocrx_word' id='word_1_117' title='bbox 687 2136 773 2209; x_wconf 90' lang='lat' dir='ltr'>inter</span> <span class='ocrx_word' id='word_1_118' title='bbox 795 2136 970 2233; x_wconf 86' lang='lat' dir='ltr'>scriptores</span> <span class='ocrx_word' id='word_1_119' title='bbox 988 2138 1030 2211; x_wconf 90' lang='lat' dir='ltr'>de</span> 
     </span>
     <span class='ocr_line' id='line_1_18' title="bbox 56 2250 1028 2347; baseline 0.004 -26"><span class='ocrx_word' id='word_1_120' title='bbox 56 2273 201 2321; x_wconf 90' lang='lat' dir='ltr'>numero</span> <span class='ocrx_word' id='word_1_121' title='bbox 220 2275 384 2323; x_wconf 87' lang='lat' dir='ltr'>annorum</span> <span class='ocrx_word' id='word_1_122' title='bbox 410 2250 647 2347; x_wconf 77' lang='lat' dir='ltr'>controversia.</span> <span class='ocrx_word' id='word_1_123' title='bbox 694 2251 802 2321; x_wconf 88' lang='lat' dir='ltr'>Attius</span> <span class='ocrx_word' id='word_1_124' title='bbox 815 2271 924 2320; x_wconf 89' lang='lat' dir='ltr'>autem</span> <span class='ocrx_word' id='word_1_125' title='bbox 950 2254 1028 2342; x_wconf 87' lang='lat' dir='ltr'>aQ.</span> 
     </span>
     <span class='ocr_line' id='line_1_19' title="bbox 59 2357 1028 2460; baseline 0.001 -29"><span class='ocrx_word' id='word_1_126' title='bbox 59 2361 217 2434; x_wconf 84' lang='lat' dir='ltr'>Maximo</span> <span class='ocrx_word' id='word_1_127' title='bbox 235 2363 388 2460; x_wconf 85' lang='lat' dir='ltr'>quintum</span> <span class='ocrx_word' id='word_1_128' title='bbox 412 2362 545 2434; x_wconf 86' lang='lat' dir='ltr'>consule</span> <span class='ocrx_word' id='word_1_129' title='bbox 569 2380 702 2456; x_wconf 75' lang='lat' dir='ltr'>captum</span> <span class='ocrx_word' id='word_1_130' title='bbox 726 2361 877 2432; x_wconf 89' lang='lat' dir='ltr'>Tarento</span> <span class='ocrx_word' id='word_1_131' title='bbox 903 2357 1028 2454; x_wconf 77' lang='lat' dir='ltr'>scripsit</span> 
     </span>
     <span class='ocr_line' id='line_1_20' title="bbox 60 2459 1028 2568; baseline 0.005 -31"><span class='ocrx_word' id='word_1_132' title='bbox 60 2467 215 2559; x_wconf 90' lang='lat' dir='ltr'>Livium,</span> <span class='ocrx_word' id='word_1_133' title='bbox 239 2459 332 2545; x_wconf 89' lang='lat' dir='ltr'>annis</span> <span class='ocrx_word' id='word_1_134' title='bbox 355 2499 425 2544; x_wconf 81' lang='lat' dir='ltr'>xxx</span> <span class='ocrx_word' id='word_1_135' title='bbox 459 2470 554 2568; x_wconf 90' lang='lat' dir='ltr'>post,</span> <span class='ocrx_word' id='word_1_136' title='bbox 579 2497 680 2568; x_wconf 88' lang='lat' dir='ltr'>quam</span> <span class='ocrx_word' id='word_1_137' title='bbox 694 2497 771 2542; x_wconf 90' lang='lat' dir='ltr'>eum</span> <span class='ocrx_word' id='word_1_138' title='bbox 794 2468 935 2541; x_wconf 83' lang='lat' dir='ltr'>fabulam</span> <span class='ocrx_word' id='word_1_139' title='bbox 962 2470 1028 2542; x_wconf 94' lang='lat' dir='ltr'>do·</span> 
     </span>
     <span class='ocr_line' id='line_1_21' title="bbox 56 2578 1062 2677; baseline 0.002 -30"><span class='ocrx_word' id='word_1_140' title='bbox 56 2578 160 2649; x_wconf 76' lang='lat' dir='ltr'>cuitle</span> <span class='ocrx_word' id='word_1_141' title='bbox 173 2598 206 2651; x_wconf 89' lang='lat' dir='ltr'>et</span> <span class='ocrx_word' id='word_1_142' title='bbox 222 2582 350 2655; x_wconf 84' lang='lat' dir='ltr'>Atticus</span> <span class='ocrx_word' id='word_1_143' title='bbox 370 2581 502 2669; x_wconf 86' lang='lat' dir='ltr'>scribit,</span> <span class='ocrx_word' id='word_1_144' title='bbox 524 2600 558 2655; x_wconf 92' lang='lat' dir='ltr'>et</span> <span class='ocrx_word' id='word_1_145' title='bbox 573 2606 638 2653; x_wconf 82' lang='lat' dir='ltr'>nos</span> <span class='ocrx_word' id='word_1_146' title='bbox 652 2581 687 2652; x_wconf 92' lang='lat' dir='ltr'>in</span> <span class='ocrx_word' id='word_1_147' title='bbox 701 2579 842 2677; x_wconf 89' lang='lat' dir='ltr'>antiquis</span> <span class='ocrx_word' id='word_1_148' title='bbox 857 2603 1028 2654; x_wconf 89' lang='lat' dir='ltr'>commen·</span> <span class='ocrx_word' id='word_1_149' title='bbox 1060 2606 1062 2611; x_wconf 66' lang='grc'>’</span> 
     </span>
     <span class='ocr_line' id='line_1_22' title="bbox 56 2690 1078 2791; baseline 0.005 -31"><span class='ocrx_word' id='word_1_150' title='bbox 56 2690 149 2762; x_wconf 88' lang='lat' dir='ltr'>ratiis</span> <span class='ocrx_word' id='word_1_151' title='bbox 163 2692 367 2767; x_wconf 89' lang='lat' dir='ltr'>invenimus:</span> <span class='ocrx_word' id='word_1_152' title='bbox 381 2784 385 2791; x_wconf 25' lang='grc' dir='ltr'><strong><em>Ι</em></strong></span> <span class='ocrx_word' id='word_1_153' title='bbox 401 2692 548 2766; x_wconf 81' lang='lat' dir='ltr'>docuiffe</span> <span class='ocrx_word' id='word_1_154' title='bbox 561 2715 669 2767; x_wconf 88' lang='lat' dir='ltr'>autem</span> <span class='ocrx_word' id='word_1_155' title='bbox 686 2692 830 2781; x_wconf 64' lang='lat' dir='ltr'>fabulem</span> <span class='ocrx_word' id='word_1_156' title='bbox 845 2693 938 2765; x_wconf 91' lang='lat' dir='ltr'>annis</span> <span class='ocrx_word' id='word_1_157' title='bbox 954 2691 1028 2789; x_wconf 92' lang='lat' dir='ltr'>post</span> <span class='ocrx_word' id='word_1_158' title='bbox 1046 2715 1078 2766; x_wconf 84' lang='lat'>73</span> 
     </span>
     <span class='ocr_line' id='line_1_23' title="bbox 57 2798 1093 2905; baseline 0.004 -37"><span class='ocrx_word' id='word_1_159' title='bbox 57 2818 102 2868; x_wconf 72' lang='lat' dir='ltr'>att</span> <span class='ocrx_word' id='word_1_160' title='bbox 131 2799 171 2871; x_wconf 90' lang='lat' dir='ltr'>C.</span> <span class='ocrx_word' id='word_1_161' title='bbox 201 2800 389 2892; x_wconf 86' lang='lat' dir='ltr'>Cornelio,</span> <span class='ocrx_word' id='word_1_162' title='bbox 420 2804 465 2894; x_wconf 85' lang='lat' dir='ltr'>Q.</span> <span class='ocrx_word' id='word_1_163' title='bbox 493 2800 647 2873; x_wconf 90' lang='lat' dir='ltr'>Minucio</span> <span class='ocrx_word' id='word_1_164' title='bbox 681 2798 896 2890; x_wconf 83' lang='lat' dir='ltr'>consulibus,</span> <span class='ocrx_word' id='word_1_165' title='bbox 942 2799 1028 2872; x_wconf 90' lang='lat' dir='ltr'>ludis</span> <span class='ocrx_word' id='word_1_166' title='bbox 1089 2898 1093 2905; x_wconf 23' lang='grc' dir='ltr'>Ι</span> 
     </span>
     <span class='ocr_line' id='line_1_24' title="bbox 57 2908 1080 3008; baseline 0.006 -31"><span class='ocrx_word' id='word_1_167' title='bbox 57 2908 266 2998; x_wconf 84' lang='lat' dir='ltr'>luventatis,</span> <span class='ocrx_word' id='word_1_168' title='bbox 293 2936 378 3008; x_wconf 92' lang='lat' dir='ltr'>quos</span> <span class='ocrx_word' id='word_1_169' title='bbox 402 2913 566 3008; x_wconf 81' lang='lat' dir='ltr'>Salinator</span> <span class='ocrx_word' id='word_1_170' title='bbox 582 2911 713 2983; x_wconf 76' lang='lat' dir='ltr'>Senensi</span> <span class='ocrx_word' id='word_1_171' title='bbox 725 2909 860 3006; x_wconf 81' lang='lat' dir='ltr'>-proelio</span> <span class='ocrx_word' id='word_1_172' title='bbox 875 2927 1029 2984; x_wconf 81' lang='lat' dir='ltr'>voverat.</span> <span class='ocrx_word' id='word_1_173' title='bbox 1074 2988 1080 3001; x_wconf 52' lang='grc'><strong><em>,</em></strong></span> 
     </span>
     <span class='ocr_line' id='line_1_25' title="bbox 56 3019 1028 3115; baseline 0.002 -28"><span class='ocrx_word' id='word_1_174' title='bbox 56 3019 97 3088; x_wconf 85' lang='lat' dir='ltr'>In</span> <span class='ocrx_word' id='word_1_175' title='bbox 119 3043 187 3115; x_wconf 92' lang='lat' dir='ltr'>quo</span> <span class='ocrx_word' id='word_1_176' title='bbox 200 3037 307 3095; x_wconf 84' lang='lat' dir='ltr'>tamus</span> <span class='ocrx_word' id='word_1_177' title='bbox 325 3046 420 3092; x_wconf 90' lang='lat' dir='ltr'>error</span> <span class='ocrx_word' id='word_1_178' title='bbox 445 3023 524 3093; x_wconf 85' lang='lat' dir='ltr'>Attii</span> <span class='ocrx_word' id='word_1_179' title='bbox 538 3021 621 3110; x_wconf 86' lang='lat' dir='ltr'>fuit,</span> <span class='ocrx_word' id='word_1_180' title='bbox 645 3021 749 3096; x_wconf 88' lang='lat' dir='ltr'>uthis</span> <span class='ocrx_word' id='word_1_181' title='bbox 768 3019 954 3093; x_wconf 85' lang='lat' dir='ltr'>consulibus</span> <span class='ocrx_word' id='word_1_182' title='bbox 982 3040 1028 3090; x_wconf 80' lang='lat' dir='ltr'>xt.</span> 
     </span>
     <span class='ocr_line' id='line_1_26' title="bbox 63 3130 1028 3230; baseline 0.003 -30"><span class='ocrx_word' id='word_1_183' title='bbox 63 3156 169 3204; x_wconf 86' lang='lat' dir='ltr'>annos</span> <span class='ocrx_word' id='word_1_184' title='bbox 182 3151 276 3206; x_wconf 87' lang='lat' dir='ltr'>natus</span> <span class='ocrx_word' id='word_1_185' title='bbox 298 3136 421 3205; x_wconf 89' lang='lat' dir='ltr'>Ennius</span> <span class='ocrx_word' id='word_1_186' title='bbox 435 3134 557 3207; x_wconf 84' lang='lat' dir='ltr'>fiterit:</span> <span class='ocrx_word' id='word_1_187' title='bbox 584 3137 637 3208; x_wconf 90' lang='lat' dir='ltr'>cui</span> <span class='ocrx_word' id='word_1_188' title='bbox 657 3161 734 3207; x_wconf 90' lang='lat' dir='ltr'>cum</span> <span class='ocrx_word' id='word_1_189' title='bbox 756 3131 900 3230; x_wconf 86' lang='lat' dir='ltr'>aequalis</span> <span class='ocrx_word' id='word_1_190' title='bbox 927 3130 1028 3203; x_wconf 88' lang='lat' dir='ltr'>suerit</span> 
     </span>
     <span class='ocr_line' id='line_1_27' title="bbox 57 3242 1102 3344; baseline 0.004 -30"><span class='ocrx_word' id='word_1_191' title='bbox 57 3242 197 3332; x_wconf 81' lang='lat' dir='ltr'>Livius,</span> <span class='ocrx_word' id='word_1_192' title='bbox 223 3246 335 3317; x_wconf 90' lang='lat' dir='ltr'>minor</span> <span class='ocrx_word' id='word_1_193' title='bbox 350 3245 413 3318; x_wconf 87' lang='lat' dir='ltr'>fuit</span> <span class='ocrx_word' id='word_1_194' title='bbox 434 3248 603 3344; x_wconf 87' lang='lat' dir='ltr'>aliquanto</span> <span class='ocrx_word' id='word_1_195' title='bbox 624 3250 666 3334; x_wconf 90' lang='lat' dir='ltr'>is,</span> <span class='ocrx_word' id='word_1_196' title='bbox 691 3248 749 3344; x_wconf 90' lang='lat' dir='ltr'>qui</span> <span class='ocrx_word' id='word_1_197' title='bbox 772 3245 898 3341; x_wconf 87' lang='lat' dir='ltr'>primus</span> <span class='ocrx_word' id='word_1_198' title='bbox 931 3244 1027 3318; x_wconf 89' lang='lat' dir='ltr'>sahu·</span> <span class='ocrx_word' id='word_1_199' title='bbox 1099 3244 1102 3249; x_wconf 62' lang='grc'><em>“</em></span> 
     </span>
     <span class='ocr_line' id='line_1_28' title="bbox 57 3355 1101 3459; baseline 0.005 -36"><span class='ocrx_word' id='word_1_200' title='bbox 57 3355 125 3425; x_wconf 80' lang='lat' dir='ltr'>lam</span> <span class='ocrx_word' id='word_1_201' title='bbox 152 3357 269 3448; x_wconf 85' lang='lat' dir='ltr'>dedit,</span> <span class='ocrx_word' id='word_1_202' title='bbox 299 3385 398 3456; x_wconf 88' lang='lat' dir='ltr'>quam</span> <span class='ocrx_word' id='word_1_203' title='bbox 433 3361 480 3445; x_wconf 91' lang='lat' dir='ltr'>ii,</span> <span class='ocrx_word' id='word_1_204' title='bbox 510 3363 568 3459; x_wconf 88' lang='lat' dir='ltr'>qni</span> <span class='ocrx_word' id='word_1_205' title='bbox 596 3361 714 3432; x_wconf 88' lang='lat' dir='ltr'>multas</span> <span class='ocrx_word' id='word_1_206' title='bbox 747 3358 931 3429; x_wconf 88' lang='lat' dir='ltr'>docuerant</span> <span class='ocrx_word' id='word_1_207' title='bbox 951 3375 1026 3428; x_wconf 88' lang='lat' dir='ltr'>ante</span> <span class='ocrx_word' id='word_1_208' title='bbox 1099 3376 1101 3381; x_wconf 86' lang='grc'><strong>’</strong></span> 
     </span>
     <span class='ocr_line' id='line_1_29' title="bbox 56 3465 1130 3568; baseline 0.005 -33"><span class='ocrx_word' id='word_1_209' title='bbox 56 3465 122 3536; x_wconf 91' lang='lat' dir='ltr'>hos</span> <span class='ocrx_word' id='word_1_210' title='bbox 138 3465 305 3557; x_wconf 83' lang='lat' dir='ltr'>consules,</span> <span class='ocrx_word' id='word_1_211' title='bbox 329 3491 361 3539; x_wconf 89' lang='lat' dir='ltr'>et</span> <span class='ocrx_word' id='word_1_212' title='bbox 375 3470 504 3541; x_wconf 86' lang='lat' dir='ltr'>Plautus</span> <span class='ocrx_word' id='word_1_213' title='bbox 519 3488 551 3540; x_wconf 94' lang='lat' dir='ltr'>et</span> <span class='ocrx_word' id='word_1_214' title='bbox 564 3469 720 3541; x_wconf 84' lang='lat' dir='ltr'>Naevius.</span> <span class='ocrx_word' id='word_1_215' title='bbox 771 3470 861 3539; x_wconf 90' lang='lat' dir='ltr'>Haec</span> <span class='ocrx_word' id='word_1_216' title='bbox 879 3467 1025 3537; x_wconf 88' lang='lat' dir='ltr'>fiminus</span> <span class='ocrx_word' id='word_1_217' title='bbox 1049 3494 1092 3568; x_wconf 85' lang='lat'>19</span> <span class='ocrx_word' id='word_1_218' title='bbox 1126 3532 1130 3539; x_wconf 91' lang='lat'>.</span> 
     </span>
     <span class='ocr_line' id='line_1_30' title="bbox 55 3576 1075 3673; baseline 0.003 -30"><span class='ocrx_word' id='word_1_219' title='bbox 55 3591 135 3668; x_wconf 81' lang='lat' dir='ltr'>apta</span> <span class='ocrx_word' id='word_1_220' title='bbox 153 3576 311 3647; x_wconf 84' lang='lat' dir='ltr'>videntur</span> <span class='ocrx_word' id='word_1_221' title='bbox 320 3577 401 3648; x_wconf 81' lang='lat' dir='ltr'>ltuic</span> <span class='ocrx_word' id='word_1_222' title='bbox 425 3577 588 3665; x_wconf 89' lang='lat' dir='ltr'>sermoni,</span> <span class='ocrx_word' id='word_1_223' title='bbox 610 3580 733 3662; x_wconf 85' lang='lat' dir='ltr'>Brute,</span> <span class='ocrx_word' id='word_1_224' title='bbox 760 3577 876 3649; x_wconf 83' lang='lat' dir='ltr'>Attico</span> <span class='ocrx_word' id='word_1_225' title='bbox 890 3576 1024 3673; x_wconf 84' lang='lat' dir='ltr'>alligna,</span> <span class='ocrx_word' id='word_1_226' title='bbox 1042 3609 1075 3655; x_wconf 83' lang='lat'>74</span> 
     </span>
     <span class='ocr_line' id='line_1_31' title="bbox 55 3690 1026 3785; baseline -0.001 -25"><span class='ocrx_word' id='word_1_227' title='bbox 55 3690 117 3785; x_wconf 88' lang='lat' dir='ltr'>qui</span> <span class='ocrx_word' id='word_1_228' title='bbox 140 3716 194 3762; x_wconf 93' lang='lat' dir='ltr'>me</span> <span class='ocrx_word' id='word_1_229' title='bbox 213 3691 434 3765; x_wconf 84' lang='lat' dir='ltr'>inflammavit</span> <span class='ocrx_word' id='word_1_230' title='bbox 453 3693 559 3762; x_wconf 90' lang='lat' dir='ltr'>studio</span> <span class='ocrx_word' id='word_1_231' title='bbox 578 3691 747 3763; x_wconf 88' lang='lat' dir='ltr'>illustrium</span> <span class='ocrx_word' id='word_1_232' title='bbox 772 3692 949 3763; x_wconf 88' lang='lat' dir='ltr'>hominum</span> <span class='ocrx_word' id='word_1_233' title='bbox 978 3713 1026 3759; x_wconf 85' lang='lat' dir='ltr'>ae·</span> 
     </span>
     <span class='ocr_line' id='line_1_32' title="bbox 26 3800 1024 3902; baseline 0.001 -29"><span class='ocrx_word' id='word_1_234' title='bbox 26 3886 36 3901; x_wconf 22' lang='lat'>,¹</span> <span class='ocrx_word' id='word_1_235' title='bbox 54 3805 160 3877; x_wconf 84' lang='lat' dir='ltr'>tates&#39;</span> <span class='ocrx_word' id='word_1_236' title='bbox 177 3825 210 3877; x_wconf 92' lang='lat' dir='ltr'>et</span> <span class='ocrx_word' id='word_1_237' title='bbox 228 3823 382 3901; x_wconf 89' lang='lat' dir='ltr'>tempora</span> <span class='ocrx_word' id='word_1_238' title='bbox 409 3803 637 3902; x_wconf 87' lang='lat' dir='ltr'>persequendi.</span> <span class='ocrx_word' id='word_1_239' title='bbox 686 3806 759 3901; x_wconf 86' lang='lat' dir='ltr'>Ego</span> <span class='ocrx_word' id='word_1_240' title='bbox 780 3827 881 3902; x_wconf 88' lang='lat' dir='ltr'>veto,</span> <span class='ocrx_word' id='word_1_241' title='bbox 917 3800 1024 3900; x_wconf 89' lang='lat' dir='ltr'>inquit</span> 
     </span>
    </p>
   </div>
   <div class='ocr_carea' id='block_1_3' title="bbox 839 4066 848 4120">
    <p class='ocr_par' dir='ltr' id='par_1_6' title="bbox 839 4066 848 4120">
     <span class='ocr_line' id='line_1_33' title="bbox 839 4066 848 4120; baseline 0 0"><span class='ocrx_word' id='word_1_242' title='bbox 839 4066 848 4120; x_wconf 82' lang='lat' dir='ltr'>i</span> 
     </span>
    </p>
   </div>
   <div class='ocr_carea' id='block_1_4' title="bbox 0 0 1156 4304">
    <p class='ocr_par' dir='ltr' id='par_1_7' title="bbox 0 0 1156 4304">
     <span class='ocr_line' id='line_1_34' title="bbox 0 0 1156 4304; baseline 0 2"><span class='ocrx_word' id='word_1_243' title='bbox 0 0 1156 4304; x_wconf 95' lang='lat' dir='ltr'> </span> 
     </span>
    </p>
   </div>
  </div>
 </body>
</html>
