2302 4304
948 79 966 130 k

167 306 235 379 u2
405 281 917 378 ononntonn

162 463 238 566 post
256 464 405 536 adhiberi
426 481 546 560 coepta
567 460 672 536 estad
698 484 852 536 ornatum
875 465 976 537 ettam
999 490 1128 564 corpo·

162 570 207 646 ris
229 593 263 646 et
280 569 495 672 dignitatem:
519 569 565 645 sic
588 569 684 645 verbi
707 569 877 645 translatio
906 570 1057 647 instituta
1081 575 1128 647 est

160 683 294 782 inopiae
308 681 421 768 causa,
443 679 646 779 frequentata
660 677 891 754 deletiationis.
942 682 1032 756 Nam
1043 711 1126 779 gon·

161 821 245 869 mart
272 798 379 879 vites,
407 795 560 863 luxuriem
587 785 643 886 effe
669 790 705 858 t'rt
736 790 855 877 herbis,
874 792 976 862 laetas
989 793 1125 889 sugeres,

160 903 261 982 etiarn
275 902 388 986 rustici
407 903 532 976 dicunt.
558 897 652 998 quod
674 897 763 972 enirn
784 898 945 975 declarari
968 899 1033 974 vix
1044 925 1123 974 ver-

160 1015 208 1089 bo
234 1016 376 1115 proprio
400 1013 532 1112 potest,
568 1012 604 1088 id
625 1011 782 1086 translato
805 1037 883 1087 cunr
903 1012 952 1087 est
977 1014 1124 1102 diatim,

160 1129 295 1204 illustrat
308 1131 359 1220 id,
384 1130 478 1228 quod
490 1125 629 1225 intelligi
649 1125 829 1215 volturius,
851 1126 923 1199 eius
938 1127 1011 1219 rei,
1025 1151 1121 1226 quarn

95 1262 142 1324 ηε
160 1240 267 1316 alieno
287 1241 395 1315 verbo
409 1237 598 1334 posuimus,
620 1236 809 1313 similitudo,
836 1239 926 1335 Ergo
938 1236 1003 1310 bae
1017 1261 1119 1311 trans·

158 1352 322 1441 briones,
349 1349 438 1448 quafi
460 1348 682 1425 mutuationes
695 1346 789 1439 sunt,
816 1373 921 1438 cunr,
946 1349 1119 1447 quodnon

152 1458 278 1536 trabeas
290 1512 302 1549 ‚
314 1457 444 1532 aliunde
461 1457 575 1533 sumas.
600 1454 675 1533 Illae
693 1455 795 1553 paulo
811 1454 1004 1532 audaciores
1016 1511 1029 1548 ‚
1042 1480 1118 1556 quae

159 1572 229 1640 no'n
251 1569 400 1669 inopiam
419 1565 592 1658 indicant,
617 1566 674 1644 sed
699 1565 845 1644 orationi
865 1567 1051 1664 splendoris
1067 1567 1116 1641 ati-

51 1744 54 1751 .
159 1680 241 1779 quid
269 1680 449 1760 orceffuntt
474 1705 616 1780 quatum
644 1706 730 1782 ego,
757 1681 839 1780 quid
867 1680 970 1755 vobis
990 1699 1049 1755 aut
1073 1681 1114 1753 in·

94 1813 140 1893 39
159 1792 316 1871 veniendi
341 1794 527 1884 rationem,
554 1813 610 1870 aut
640 1818 760 1896 genera
785 1792 940 1892 ponam?
966 1794 1113 1868 similitu

95 1900 300 1981 157dinisest
321 1903 363 1974 ad
376 1904 517 1983 verbum
532 1929 636 1980 unum
657 1902 1006 1993 confutabuntur,
1032 1904 1111 2002 quod

159 2016 299 2095 verbum
317 2017 353 2087 in
366 2016 475 2092 alieno
493 2014 594 2104 loco,
613 2031 779 2113 tanquam
791 2013 827 2087 in
848 2014 935 2105 suo,
960 2014 1111 2112 porion,

157 2123 182 2201 si
210 2125 418 2226 agnoscitur,
446 2124 600 2211 deletion
622 2123 647 2197 st
670 2125 771 2199 fimile
789 2124 870 2198 nihil
892 2127 1014 2218 habet,
1033 2151 1110 2225 repu-

159 2236 277 2314 diatur.
326 2237 390 2310 Sed
403 2260 440 2309 ea
461 2234 629 2311 transferri
648 2253 809 2333 oportet,
835 2262 919 2335 quae
933 2261 990 2312 aut
1003 2237 1108 2313 clario

159 2374 232 2424 rem
253 2348 378 2429 faciunt
400 2373 493 2437 rem,
518 2371 555 2424 ut
576 2349 628 2421 illa
647 2349 781 2422 omnia:

473 2463 660 2554 inhorrescit
682 2468 791 2550 trare,

90 2571 92 2576 ⁴
206 2570 354 2641 Tenebrae
369 2574 651 2663 conduplicanrur,
675 2573 827 2668 noc‘iisqut
855 2568 888 2642 C«
915 2576 1106 2644 nimbumot·

662 2716 664 2718 ·
686 2703 789 2750 caecat
812 2682 920 2774 nigror
929 2732 943 2766 ‚

177 2836 180 2843 -
206 2783 353 2857 Flamma
378 2787 572 2861 internubes
591 2791 754 2881 coruscat,
781 2795 896 2861 coelum
912 2792 1032 2860 tonitru
1044 2813 1104 2859 corz·

801 2906 928 2990 tremit,

204 3011 336 3087 Grande
368 3014 458 3116 mista
479 3017 571 3090 imbri
606 3017 750 3117 largifluo
768 3019 880 3110 subita
904 3016 1105 3111 praecipitant

340 3162 351 3176 κ
817 3129 928 3198 cadit:
988 3189 990 3192 ,

102 3289 104 3291 >
159 3333 162 3341 Ι
201 3238 354 3348 'Undique
378 3264 485 3310 omnes
502 3241 587 3310 renti
621 3260 785 3332 erumpunt
810 3288 824 3323 ,
853 3235 946 3328 fluvi
974 3233 1104 3339 txststutt

756 3351 923 3424 turbius:

202 3455 308 3533 Foro
332 3455 413 3562 aestu
427 3463 585 3556 pelagus:
647 3488 650 3493 ·
831 3474 833 3480 '
903 3460 909 3474 '

151 3563 265 3642 omniu
291 3559 387 3656 sete,
411 3591 482 3666 quo
511 3560 614 3642 efferit
635 3569 800 3659 clariora,
824 3567 984 3644 translatis
1008 3589 1065 3664 per
1074 3557 1091 3632 s
1094 3603 1102 3619 ·

88 3675 133 3761 1⁸58
151 3672 367 3753 niliuoinen
391 3674 504 3748 verbis
527 3676 611 3749 dieta
630 3677 725 3749 sunt:
751 3695 807 3750 aut
829 3701 898 3771 quo
915 3674 1102 3776 fignificetut

118 3803 121 3808 ’
150 3786 255 3890 magio
272 3812 324 3866 res
337 3801 428 3880 tota,
450 3785 518 3872 sive
532 3786 606 3865 faoi
626 3789 787 3884 alicnus,
807 3788 875 3868 siue
903 3788 1052 3874 consilii3
1072 3792 1100 3854 1³¹
