2304 4304
90 269 177 411 Ἰ
376 298 737 377 ernanus
952 324 1018 398 2-71
1119 307 1122 311 ·

48 484 178 543 tentae
196 485 305 564 prope
318 463 539 538 neceffiratem
552 463 693 539 suavitas
710 461 874 563 quaedam
885 482 921 538 et
931 467 1026 564 lepos

54 577 289 676 consequatur.
317 575 485 649 Clausulas
498 576 602 666 enim,
619 594 717 676 atque
730 575 933 675 interpundla
944 598 1025 652 ver-

55 686 338 779 bonunpanimae
351 685 1026 788 interclusio,arq1eanguttiaespirirum

61 798 219 870 tulerunt.
273 795 311 867 ld
320 793 498 869 inventum
518 795 564 868 im
584 794 631 868 est
654 795 776 889 suave,
799 814 861 889 ut,
881 795 1029 870 licuifit

62 903 211 979 infinitus
229 902 359 1000 spiritus
377 903 491 993 datus,
509 919 624 977 tamen
641 927 716 976 eum
733 921 928 1002 perpensare
948 927 1029 980 ret-

64 1015 103 1088 ba
122 1014 280 1092 nolimus.
301 1014 337 1088 id
351 1014 441 1088 eninr
465 1015 598 1089 auribus
612 1016 732 1092 nostris
754 1037 884 1130 gratum
908 1016 984 1092 esi
975 1038 1030 1090 tn·

65 1144 222 1217 ventum,
249 1125 343 1225 quod
379 1126 555 1200 hominurn
586 1128 742 1206 lateribus
767 1153 838 1203 non
843 1104 1032 1204 tolerabile

66 1238 201 1332 solum,
225 1238 282 1312 sed
304 1239 403 1312 etium
417 1236 513 1313 facile
535 1237 727 1338 esseposset
777 1240 976 1340 longissima
987 1239 1033 1312 est
1053 1261 1100 1334 47

62 1351 167 1450 igino
193 1350 386 1450 complexio
408 1351 619 1443 verborum,
646 1376 730 1452 quae
751 1353 847 1429 volvi
874 1378 944 1429 uno
964 1353 1101 1451 uri-1212
1107 1359 1112 1370 ’

67 1465 133 1536 ritu
155 1460 273 1560 potest.
322 1462 387 1550 Sed
399 1461 455 1535 hic
474 1481 608 1536 naturae
621 1464 743 1537 modus
761 1461 828 1554 est,
852 1463 928 1537 artis
942 1465 1033 1539 alius.

62 1593 146 1647 ,narn
172 1593 250 1642 cum
285 1566 348 1642 s1nt
374 1570 504 1643 numeri
526 1572 660 1670 plrues3
697 1571 870 1664 iambum,
899 1591 933 1647 et
962 1572 1035 1649 tro-

67 1680 209 1751 thaeum
224 1673 435 1776 frequentem
448 1679 593 1780 segregat
614 1684 657 1756 ab
670 1701 808 1757 oratore
827 1681 1035 1774 Aristoteles,

62 1791 204 1880 ¹Catule,
231 1789 339 1864 vester
351 1792 447 1888 ‚qui
465 1812 582 1866 natura
604 1795 905 1868 tamenincurtunt
923 1793 982 1893 ipsr
1000 1797 1036 1872 in

70 1903 261 1976 orationem
272 1903 527 2002 sermonemque
545 1901 718 1990 nostrum3
741 1901 795 1976 sed
813 1903 887 1976 sunt
899 1901 1037 2002 infignes

69 2013 295 2112 percussiones
312 2040 431 2088 eorum
456 2038 699 2109 numerorum,
728 2035 762 2089 et
780 2015 900 2089 minuti
926 2017 1038 2114 perles.

70 2127 187 2218 Quare
207 2125 353 2222 primum
369 2127 411 2198 ad
423 2127 566 2200 heroum
580 2151 643 2199 nos
666 2124 812 2226 dadyli,
839 2143 873 2198 et
899 2150 1038 2224 anapae-

72 2237 136 2327 sti,
159 2254 194 2309 et
212 2236 349 2334 spondei
363 2237 481 2333 pedem
491 2237 638 2315 invitat:
661 2235 698 2308 in
711 2261 781 2334 quo
799 2236 935 2333 impune
956 2260 1041 2333 pro«

73 2349 169 2448 gredi
180 2347 267 2420 -licet
285 2348 527 2421 duoduntaxat
542 2347 677 2442 pedes,
697 2367 754 2417 aur
770 2344 869 2441 paulo
888 2342 980 2439 plus,
996 2369 1043 2417 ne

74 2459 174 2555 plane
183 2458 226 2530 ,in
247 2457 407 2547 versum,
433 2473 490 2529 aut
513 2453 757 2527 similitudinem
780 2452 934 2527 versuum
961 2452 1042 2527 inci·

74 2567 204 2641 damnis
252 2559 345 2638 Aliae
362 2563 436 2637 sunt
452 2560 621 2662 geminae,
652 2560 771 2660 quibus
803 2560 840 2634 hi
860 2578 927 2635 tres
945 2561 1042 2637 heroi

74 2679 182 2775 pedes·
200 2677 235 2749 in
259 2676 424 2775 principia
447 2672 753 2749 continuandorum
778 2674 963 2748 verborum
991 2675 1041 2748 sa·

76 2786 119 2860 tis
141 2786 265 2860 decore
282 2788 411 2860 cadunt.
455 2783 622 2859 Probatur
638 2800 747 2856 autern
773 2784 815 2857 ab
837 2789 957 2863 eodem
983 2791 1042 2864 illo
1064 2806 1107 2874 183

77 2896 223 2973 maxime
236 2920 344 2994 paeon
356 2893 439 2994 3qui
449 2891 497 2966 est
509 2893 641 2992 duplex.
666 2895 1044 2998 Namantalongaori·

76 3024 172 3098 tur,
167 3031 276 3104 quam
293 3021 359 3078 tres
376 3005 496 3079 breves
513 3002 783 3132 consequuntur,
806 3024 844 3078 ut
861 3006 945 3092 haee
963 3032 1044 3082 ver-

79 3116 149 3201 ba,
174 3114 329 3213 definire,
343 3118 506 3210 incipite,
534 3118 725 3210 comprimite
737 3142 754 3201 1
777 3133 834 3186 aut
855 3116 1045 3195 abrevibus

53 3223 239 3320 -deinceps
266 3223 395 3312 tribus,
425 3240 574 3296 extrema
599 3221 779 3319 produsia,
804 3237 905 3320 atque
923 3222 1044 3332 longa,

78 3333 166 3406 ficut
190 3333 244 3406 illa
271 3333 363 3422 sunt,
392 3337 602 3420 domuerant,
624 3332 804 3440 sonipedes.
855 3335 965 3434 Atque
998 3339 1046 3417 illi

74 3443 287 3542 ‚philosopho
313 3439 418 3516 ordiri
444 3441 602 3540 placete
625 3442 819 3540 superiore
815 3466 965 3542 paeone,
977 3471 1045 3545 po».

77 3550 224 3625 sleriore
253 3549 369 3629 finire.
414 3548 467 3622 ost
493 3566 609 3623 autem
639 3573 748 3647 paeon
786 3550 843 3624 hic
881 3551 1047 3648 posterior

84 3687 158 3737 non
188 3663 384 3762 syllabarum
407 3685 575 3762 numero,
611 3660 669 3734 sed
702 3660 838 3735 aurium
870 3664 1047 3760 mensura,

82 3777 184 3878 quod
196 3776 245 3855 est
258 3777 372 3858 aerim
394 3753 555 3857 iudicium
576 3790 611 3849 et
623 3772 776 3869 certius,
799 3800 864 3888 par
883 3771 1048 3889 sereer·
1121 3786 1124 3793 '
