<?xml version="1.0" encoding="UTF-8"?>
<!DOCTYPE html PUBLIC "-//W3C//DTD XHTML 1.0 Transitional//EN"
    "http://www.w3.org/TR/xhtml1/DTD/xhtml1-transitional.dtd">
<html xmlns="http://www.w3.org/1999/xhtml" xml:lang="en" lang="en">
 <head>
  <title>
</title>
<meta http-equiv="Content-Type" content="text/html;charset=utf-8" />
  <meta name='ocr-system' content='tesseract 3.04.00' />
  <meta name='ocr-capabilities' content='ocr_page ocr_carea ocr_par ocr_line ocrx_word'/>
</head>
<body>
  <div class='ocr_page' id='page_1' title='image "./mtulliiciceroni00plutgoog_0386.png"; bbox 0 0 2302 4304; ppageno 0'>
   <div class='ocr_carea' id='block_1_1' title="bbox 296 284 924 421">
    <p class='ocr_par' dir='ltr' id='par_1_1' title="bbox 296 284 924 421">
     <span class='ocr_line' id='line_1_1' title="bbox 296 284 924 421; baseline -0.008 -20"><span class='ocrx_word' id='word_1_1' title='bbox 296 284 637 401; x_wconf 55' lang='lat' dir='ltr'>cnutus(</span> <span class='ocrx_word' id='word_1_2' title='bbox 751 325 753 328; x_wconf 88' lang='grc'><em>·</em></span> <span class='ocrx_word' id='word_1_3' title='bbox 859 347 924 421; x_wconf 75' lang='lat'>391</span> 
     </span>
    </p>
   </div>
   <div class='ocr_carea' id='block_1_2' title="bbox 42 484 1039 3753">
    <p class='ocr_par' dir='ltr' id='par_1_2' title="bbox 43 484 930 589">
     <span class='ocr_line' id='line_1_2' title="bbox 43 484 930 589; baseline -0.007 -25"><span class='ocrx_word' id='word_1_4' title='bbox 43 508 126 566; x_wconf 88' lang='lat' dir='ltr'>ant.</span> <span class='ocrx_word' id='word_1_5' title='bbox 160 511 197 573; x_wconf 85' lang='lat' dir='ltr'>ut</span> <span class='ocrx_word' id='word_1_6' title='bbox 231 492 318 589; x_wconf 86' lang='lat' dir='ltr'>apud</span> <span class='ocrx_word' id='word_1_7' title='bbox 349 488 517 562; x_wconf 86' lang='lat' dir='ltr'>Platonem</span> <span class='ocrx_word' id='word_1_8' title='bbox 548 484 739 558; x_wconf 82' lang='lat' dir='ltr'>Socrates</span> <span class='ocrx_word' id='word_1_9' title='bbox 729 511 765 556; x_wconf 87' lang='grc' dir='ltr'>ιιι</span> <span class='ocrx_word' id='word_1_10' title='bbox 797 485 930 558; x_wconf 86' lang='lat' dir='ltr'>eoelum</span> 
     </span>
    </p>

    <p class='ocr_par' dir='ltr' id='par_1_3' title="bbox 43 585 931 721">
     <span class='ocr_line' id='line_1_3' title="bbox 43 585 931 721; baseline -0.009 -48"><span class='ocrx_word' id='word_1_11' title='bbox 43 617 73 673; x_wconf 90' lang='lat' dir='ltr'>rt</span> <span class='ocrx_word' id='word_1_12' title='bbox 111 585 257 671; x_wconf 86' lang='lat' dir='ltr'>laudibus</span> <span class='ocrx_word' id='word_1_13' title='bbox 304 597 554 721; x_wconf 83' lang='lat' dir='ltr'>Protagoram,</span> <span class='ocrx_word' id='word_1_14' title='bbox 587 591 775 709; x_wconf 85' lang='lat' dir='ltr'>Hippiam,</span> <span class='ocrx_word' id='word_1_15' title='bbox 809 593 931 665; x_wconf 88' lang='lat' dir='ltr'>Prodi·</span> 
     </span>
    </p>

    <p class='ocr_par' dir='ltr' id='par_1_4' title="bbox 43 692 932 806">
     <span class='ocr_line' id='line_1_4' title="bbox 43 692 932 806; baseline -0.005 -28"><span class='ocrx_word' id='word_1_16' title='bbox 43 735 81 797; x_wconf 83' lang='lat'>1,</span> <span class='ocrx_word' id='word_1_17' title='bbox 114 707 300 806; x_wconf 80' lang='lat' dir='ltr'>Gorgiam,</span> <span class='ocrx_word' id='word_1_18' title='bbox 328 723 473 790; x_wconf 82' lang='lat' dir='ltr'>eeteros3</span> <span class='ocrx_word' id='word_1_19' title='bbox 482 692 537 775; x_wconf 88' lang='lat' dir='ltr'>&#39;se</span> <span class='ocrx_word' id='word_1_20' title='bbox 566 722 675 776; x_wconf 91' lang='lat' dir='ltr'>autem</span> <span class='ocrx_word' id='word_1_21' title='bbox 699 700 853 775; x_wconf 89' lang='lat' dir='ltr'>omnium</span> <span class='ocrx_word' id='word_1_22' title='bbox 874 727 932 775; x_wconf 88' lang='lat' dir='ltr'>re-</span> 
     </span>
    </p>

    <p class='ocr_par' dir='ltr' id='par_1_5' title="bbox 43 808 1008 1451">
     <span class='ocr_line' id='line_1_5' title="bbox 43 808 933 910; baseline -0.004 -23"><span class='ocrx_word' id='word_1_23' title='bbox 43 841 52 886; x_wconf 91' lang='grc' dir='ltr'>ι</span> <span class='ocrx_word' id='word_1_24' title='bbox 79 813 217 887; x_wconf 81' lang='lat' dir='ltr'>inscium</span> <span class='ocrx_word' id='word_1_25' title='bbox 243 813 340 910; x_wconf 82' lang='lat' dir='ltr'>fingit</span> <span class='ocrx_word' id='word_1_26' title='bbox 362 831 395 884; x_wconf 89' lang='lat' dir='ltr'>et</span> <span class='ocrx_word' id='word_1_27' title='bbox 421 812 548 884; x_wconf 84' lang='lat' dir='ltr'>rudem.</span> <span class='ocrx_word' id='word_1_28' title='bbox 588 812 682 884; x_wconf 87' lang='lat' dir='ltr'>decet</span> <span class='ocrx_word' id='word_1_29' title='bbox 709 809 800 898; x_wconf 84' lang='lat' dir='ltr'>hoc,</span> <span class='ocrx_word' id='word_1_30' title='bbox 820 808 933 883; x_wconf 87' lang='lat' dir='ltr'>nescio</span> 
     </span>
     <span class='ocr_line' id='line_1_6' title="bbox 43 918 948 1017; baseline 0.006 -30"><span class='ocrx_word' id='word_1_31' title='bbox 43 922 177 1011; x_wconf 83' lang='lat' dir='ltr'>modo,</span> <span class='ocrx_word' id='word_1_32' title='bbox 199 920 308 994; x_wconf 90' lang='lat' dir='ltr'>illum:</span> <span class='ocrx_word' id='word_1_33' title='bbox 323 944 396 991; x_wconf 92' lang='lat' dir='ltr'>nec</span> <span class='ocrx_word' id='word_1_34' title='bbox 404 921 567 1015; x_wconf 87' lang='lat' dir='ltr'>Epicur0,</span> <span class='ocrx_word' id='word_1_35' title='bbox 584 944 642 1015; x_wconf 84' lang='lat' dir='ltr'>qur</span> <span class='ocrx_word' id='word_1_36' title='bbox 632 918 694 990; x_wconf 91' lang='lat' dir='ltr'>id</span> <span class='ocrx_word' id='word_1_37' title='bbox 711 918 948 1017; x_wconf 71' lang='lat' dir='ltr'>reprehendit,</span> 
     </span>
     <span class='ocr_line' id='line_1_7' title="bbox 43 1023 1008 1124; baseline 0 -25"><span class='ocrx_word' id='word_1_38' title='bbox 43 1028 145 1101; x_wconf 92' lang='lat' dir='ltr'>ntior.</span> <span class='ocrx_word' id='word_1_39' title='bbox 192 1028 281 1103; x_wconf 87' lang='lat' dir='ltr'>Sed</span> <span class='ocrx_word' id='word_1_40' title='bbox 272 1054 308 1099; x_wconf 80' lang='grc' dir='ltr'>ιη</span> <span class='ocrx_word' id='word_1_41' title='bbox 326 1025 478 1117; x_wconf 84' lang='lat' dir='ltr'>historia,</span> <span class='ocrx_word' id='word_1_42' title='bbox 502 1052 567 1124; x_wconf 87' lang='lat' dir='ltr'>qua</span> <span class='ocrx_word' id='word_1_43' title='bbox 592 1047 629 1098; x_wconf 87' lang='lat' dir='ltr'>tu</span> <span class='ocrx_word' id='word_1_44' title='bbox 651 1050 686 1098; x_wconf 88' lang='lat' dir='ltr'>es</span> <span class='ocrx_word' id='word_1_45' title='bbox 704 1023 808 1098; x_wconf 87' lang='lat' dir='ltr'>usus</span> <span class='ocrx_word' id='word_1_46' title='bbox 800 1051 835 1095; x_wconf 83' lang='lat' dir='ltr'>ru</span> <span class='ocrx_word' id='word_1_47' title='bbox 854 1050 932 1098; x_wconf 86' lang='lat' dir='ltr'>om·</span> <span class='ocrx_word' id='word_1_48' title='bbox 1006 1094 1008 1099; x_wconf 87' lang='lat'>.</span> 
     </span>
     <span class='ocr_line' id='line_1_8' title="bbox 43 1133 939 1258; baseline 0.003 -53"><span class='ocrx_word' id='word_1_49' title='bbox 43 1135 200 1226; x_wconf 67' lang='lat' dir='ltr'>armona,</span> <span class='ocrx_word' id='word_1_50' title='bbox 237 1161 333 1222; x_wconf 84' lang='lat' dir='ltr'>cum,</span> <span class='ocrx_word' id='word_1_51' title='bbox 378 1134 480 1231; x_wconf 90' lang='lat' dir='ltr'>qualis</span> <span class='ocrx_word' id='word_1_52' title='bbox 502 1133 637 1258; x_wconf 87' lang='lat' dir='ltr'>quisque</span> <span class='ocrx_word' id='word_1_53' title='bbox 668 1156 784 1206; x_wconf 91' lang='lat' dir='ltr'>orator</span> <span class='ocrx_word' id='word_1_54' title='bbox 808 1133 939 1224; x_wconf 67' lang='lat' dir='ltr'>sulla,</span> 
     </span>
     <span class='ocr_line' id='line_1_9' title="bbox 46 1243 935 1341; baseline 0.001 -25"><span class='ocrx_word' id='word_1_55' title='bbox 46 1269 186 1334; x_wconf 84' lang='lat' dir='ltr'>oneres,</span> <span class='ocrx_word' id='word_1_56' title='bbox 215 1245 315 1333; x_wconf 89' lang='lat' dir='ltr'>vide,</span> <span class='ocrx_word' id='word_1_57' title='bbox 340 1243 519 1340; x_wconf 88' lang='lat' dir='ltr'>quaeso,</span> <span class='ocrx_word' id='word_1_58' title='bbox 510 1244 634 1341; x_wconf 88' lang='lat' dir='ltr'>mquit,</span> <span class='ocrx_word' id='word_1_59' title='bbox 658 1268 700 1315; x_wconf 90' lang='lat' dir='ltr'>ne</span> <span class='ocrx_word' id='word_1_60' title='bbox 727 1262 798 1317; x_wconf 91' lang='lat' dir='ltr'>tam</span> <span class='ocrx_word' id='word_1_61' title='bbox 818 1269 935 1340; x_wconf 80' lang='lat' dir='ltr'>repre-</span> 
     </span>
     <span class='ocr_line' id='line_1_10' title="bbox 43 1348 934 1451; baseline 0.003 -25.014"><span class='ocrx_word' id='word_1_62' title='bbox 43 1355 153 1428; x_wconf 88' lang='lat' dir='ltr'>denda</span> <span class='ocrx_word' id='word_1_63' title='bbox 176 1354 245 1426; x_wconf 82' lang='lat' dir='ltr'>fit</span> <span class='ocrx_word' id='word_1_64' title='bbox 237 1354 361 1443; x_wconf 70' lang='lat' dir='ltr'>donia,</span> <span class='ocrx_word' id='word_1_65' title='bbox 387 1379 486 1451; x_wconf 89' lang='lat' dir='ltr'>quam</span> <span class='ocrx_word' id='word_1_66' title='bbox 501 1353 544 1427; x_wconf 92' lang='lat' dir='ltr'>in</span> <span class='ocrx_word' id='word_1_67' title='bbox 568 1348 770 1428; x_wconf 85' lang='lat' dir='ltr'>testimonio</span> <span class='ocrx_word' id='word_1_68' title='bbox 816 1358 934 1449; x_wconf 84' lang='lat' dir='ltr'>Quor·</span> 
     </span>
    </p>

    <p class='ocr_par' dir='ltr' id='par_1_6' title="bbox 43 1463 1024 1887">
     <span class='ocr_line' id='line_1_11' title="bbox 43 1463 1005 1561; baseline 0.006 -27"><span class='ocrx_word' id='word_1_69' title='bbox 43 1516 57 1552; x_wconf 88' lang='lat'>,</span> <span class='ocrx_word' id='word_1_70' title='bbox 92 1464 246 1561; x_wconf 88' lang='lat' dir='ltr'>iuquam,</span> <span class='ocrx_word' id='word_1_71' title='bbox 273 1463 383 1536; x_wconf 82' lang='lat' dir='ltr'>istuc?</span> <span class='ocrx_word' id='word_1_72' title='bbox 417 1463 602 1536; x_wconf 86' lang='lat' dir='ltr'>nonenim</span> <span class='ocrx_word' id='word_1_73' title='bbox 632 1464 794 1561; x_wconf 82' lang='lat' dir='ltr'>intelligo.</span> <span class='ocrx_word' id='word_1_74' title='bbox 843 1467 932 1560; x_wconf 86' lang='lat' dir='ltr'>Quia</span> <span class='ocrx_word' id='word_1_75' title='bbox 948 1483 1005 1546; x_wconf 75' lang='lat'>293¹</span> 
     </span>
     <span class='ocr_line' id='line_1_12' title="bbox 43 1572 1024 1671; baseline 0.006 -27"><span class='ocrx_word' id='word_1_76' title='bbox 43 1599 146 1663; x_wconf 89' lang='lat' dir='ltr'>num,</span> <span class='ocrx_word' id='word_1_77' title='bbox 173 1573 297 1671; x_wconf 84' lang='lat' dir='ltr'>inquit,</span> <span class='ocrx_word' id='word_1_78' title='bbox 322 1574 369 1645; x_wconf 91' lang='lat' dir='ltr'>ita</span> <span class='ocrx_word' id='word_1_79' title='bbox 384 1572 552 1649; x_wconf 84' lang='lat' dir='ltr'>laudavisti</span> <span class='ocrx_word' id='word_1_80' title='bbox 576 1573 740 1671; x_wconf 85' lang='lat' dir='ltr'>quosdam</span> <span class='ocrx_word' id='word_1_81' title='bbox 761 1591 932 1664; x_wconf 83' lang='lat' dir='ltr'>oratores,</span> <span class='ocrx_word' id='word_1_82' title='bbox 1018 1655 1024 1668; x_wconf 58' lang='grc'>,</span> 
     </span>
     <span class='ocr_line' id='line_1_13' title="bbox 43 1680 935 1778; baseline 0.006 -28"><span class='ocrx_word' id='word_1_83' title='bbox 43 1681 203 1776; x_wconf 78' lang='lat' dir='ltr'>inperitos</span> <span class='ocrx_word' id='word_1_84' title='bbox 220 1680 329 1777; x_wconf 83' lang='lat' dir='ltr'>poffes</span> <span class='ocrx_word' id='word_1_85' title='bbox 346 1681 382 1752; x_wconf 89' lang='lat' dir='ltr'>in</span> <span class='ocrx_word' id='word_1_86' title='bbox 399 1704 544 1753; x_wconf 90' lang='lat' dir='ltr'>errorem</span> <span class='ocrx_word' id='word_1_87' title='bbox 557 1681 725 1752; x_wconf 86' lang='lat' dir='ltr'>inducere.</span> <span class='ocrx_word' id='word_1_88' title='bbox 770 1681 935 1778; x_wconf 86' lang='lat' dir='ltr'>Equidem</span> 
     </span>
     <span class='ocr_line' id='line_1_14' title="bbox 53 1789 935 1887; baseline 0.005 -26"><span class='ocrx_word' id='word_1_89' title='bbox 53 1789 249 1887; x_wconf 87' lang='lat' dir='ltr'>quibusdam</span> <span class='ocrx_word' id='word_1_90' title='bbox 283 1790 383 1861; x_wconf 85' lang='lat' dir='ltr'>risum</span> <span class='ocrx_word' id='word_1_91' title='bbox 412 1789 473 1864; x_wconf 87' lang='lat' dir='ltr'>vix</span> <span class='ocrx_word' id='word_1_92' title='bbox 506 1791 679 1880; x_wconf 85' lang='lat' dir='ltr'>tenebam,</span> <span class='ocrx_word' id='word_1_93' title='bbox 716 1812 794 1863; x_wconf 88' lang='lat' dir='ltr'>cum</span> <span class='ocrx_word' id='word_1_94' title='bbox 817 1791 935 1864; x_wconf 83' lang='lat' dir='ltr'>Attico</span> 
     </span>
    </p>

    <p class='ocr_par' dir='ltr' id='par_1_7' title="bbox 43 1899 941 2113">
     <span class='ocr_line' id='line_1_15' title="bbox 43 1899 941 2001; baseline 0.008 -30"><span class='ocrx_word' id='word_1_95' title='bbox 43 1900 97 1973; x_wconf 85' lang='lat' dir='ltr'>iae</span> <span class='ocrx_word' id='word_1_96' title='bbox 131 1903 298 1986; x_wconf 84' lang='lat' dir='ltr'>Catonem</span> <span class='ocrx_word' id='word_1_97' title='bbox 323 1899 471 1973; x_wconf 81' lang='lat' dir='ltr'>nostrum</span> <span class='ocrx_word' id='word_1_98' title='bbox 491 1903 739 1999; x_wconf 49' lang='lat' dir='ltr'>,comparabam¹</span> <span class='ocrx_word' id='word_1_99' title='bbox 776 1929 941 2001; x_wconf 72' lang='lat' dir='ltr'>magnum,</span> 
     </span>
     <span class='ocr_line' id='line_1_16' title="bbox 43 2005 938 2113; baseline 0.008 -33"><span class='ocrx_word' id='word_1_100' title='bbox 43 2009 163 2082; x_wconf 79' lang='lat' dir='ltr'>tercule</span> <span class='ocrx_word' id='word_1_101' title='bbox 180 2005 367 2097; x_wconf 87' lang='lat' dir='ltr'>hominem,</span> <span class='ocrx_word' id='word_1_102' title='bbox 392 2011 447 2085; x_wconf 90' lang='lat' dir='ltr'>vel</span> <span class='ocrx_word' id='word_1_103' title='bbox 469 2012 755 2107; x_wconf 82' lang='lat' dir='ltr'>potiussummum</span> <span class='ocrx_word' id='word_1_104' title='bbox 772 2034 808 2087; x_wconf 91' lang='lat' dir='ltr'>et</span> <span class='ocrx_word' id='word_1_105' title='bbox 820 2014 938 2113; x_wconf 67' lang='lat' dir='ltr'>fingit·-</span> 
     </span>
    </p>

    <p class='ocr_par' dir='ltr' id='par_1_8' title="bbox 43 2115 939 2424">
     <span class='ocr_line' id='line_1_17' title="bbox 43 2115 934 2202; baseline 0.01 -15"><span class='ocrx_word' id='word_1_106' title='bbox 43 2139 80 2187; x_wconf 48' lang='lat' dir='ltr'>¹m</span> <span class='ocrx_word' id='word_1_107' title='bbox 112 2115 247 2189; x_wconf 90' lang='lat' dir='ltr'>virum:</span> <span class='ocrx_word' id='word_1_108' title='bbox 278 2141 379 2188; x_wconf 89' lang='lat' dir='ltr'>nemo</span> <span class='ocrx_word' id='word_1_109' title='bbox 411 2115 499 2188; x_wconf 90' lang='lat' dir='ltr'>dicet</span> <span class='ocrx_word' id='word_1_110' title='bbox 523 2116 628 2202; x_wconf 84' lang='lat' dir='ltr'>secus3</span> <span class='ocrx_word' id='word_1_111' title='bbox 656 2119 711 2190; x_wconf 90' lang='lat' dir='ltr'>sed</span> <span class='ocrx_word' id='word_1_112' title='bbox 737 2125 934 2196; x_wconf 62' lang='lat' dir='ltr'>oratorem?</span> 
     </span>
     <span class='ocr_line' id='line_1_18' title="bbox 63 2225 939 2327; baseline 0.006 -30"><span class='ocrx_word' id='word_1_113' title='bbox 63 2225 160 2298; x_wconf 87' lang='lat' dir='ltr'>etiam</span> <span class='ocrx_word' id='word_1_114' title='bbox 194 2225 308 2325; x_wconf 74' lang='lat' dir='ltr'>Lysiae</span> <span class='ocrx_word' id='word_1_115' title='bbox 329 2226 493 2298; x_wconf 79' lang='lat' dir='ltr'>fimilem?</span> <span class='ocrx_word' id='word_1_116' title='bbox 531 2254 600 2326; x_wconf 91' lang='lat' dir='ltr'>quo</span> <span class='ocrx_word' id='word_1_117' title='bbox 627 2230 708 2301; x_wconf 87' lang='lat' dir='ltr'>nihil</span> <span class='ocrx_word' id='word_1_118' title='bbox 739 2229 846 2327; x_wconf 85' lang='lat' dir='ltr'>potest</span> <span class='ocrx_word' id='word_1_119' title='bbox 868 2230 939 2303; x_wconf 81' lang='lat' dir='ltr'>effe</span> 
     </span>
     <span class='ocr_line' id='line_1_19' title="bbox 43 2332 939 2424; baseline 0.002 -19"><span class='ocrx_word' id='word_1_120' title='bbox 43 2332 105 2405; x_wconf 69' lang='lat' dir='ltr'>ius·</span> <span class='ocrx_word' id='word_1_121' title='bbox 124 2332 207 2404; x_wconf 89' lang='lat' dir='ltr'>bella</span> <span class='ocrx_word' id='word_1_122' title='bbox 224 2332 347 2422; x_wconf 89' lang='lat' dir='ltr'>ironia,</span> <span class='ocrx_word' id='word_1_123' title='bbox 371 2333 619 2421; x_wconf 81' lang='lat' dir='ltr'>fiiocaremur3</span> <span class='ocrx_word' id='word_1_124' title='bbox 644 2336 691 2406; x_wconf 89' lang='lat' dir='ltr'>sm</span> <span class='ocrx_word' id='word_1_125' title='bbox 705 2335 939 2424; x_wconf 69' lang='lat' dir='ltr'>asseveramus,</span> 
     </span>
    </p>

    <p class='ocr_par' dir='ltr' id='par_1_9' title="bbox 43 2443 1007 2765">
     <span class='ocr_line' id='line_1_20' title="bbox 43 2443 934 2546; baseline 0.009 -30"><span class='ocrx_word' id='word_1_126' title='bbox 43 2469 77 2533; x_wconf 84' lang='lat' dir='ltr'>e,</span> <span class='ocrx_word' id='word_1_127' title='bbox 104 2469 144 2515; x_wconf 89' lang='lat' dir='ltr'>ne</span> <span class='ocrx_word' id='word_1_128' title='bbox 163 2443 279 2546; x_wconf 83' lang='lat' dir='ltr'>religio</span> <span class='ocrx_word' id='word_1_129' title='bbox 302 2444 398 2518; x_wconf 88' lang='lat' dir='ltr'>nobis</span> <span class='ocrx_word' id='word_1_130' title='bbox 419 2462 487 2516; x_wconf 91' lang='lat' dir='ltr'>tam</span> <span class='ocrx_word' id='word_1_131' title='bbox 504 2446 687 2519; x_wconf 89' lang='lat' dir='ltr'>adhibenda</span> <span class='ocrx_word' id='word_1_132' title='bbox 708 2447 762 2532; x_wconf 83' lang='lat' dir='ltr'>fit,</span> <span class='ocrx_word' id='word_1_133' title='bbox 786 2446 934 2545; x_wconf 53' lang='lat' dir='ltr'>quand</span> 
     </span>
     <span class='ocr_line' id='line_1_21' title="bbox 43 2546 1007 2656; baseline -0.001 -27"><span class='ocrx_word' id='word_1_134' title='bbox 43 2557 204 2630; x_wconf 85' lang='lat' dir='ltr'>imonium</span> <span class='ocrx_word' id='word_1_135' title='bbox 222 2559 380 2633; x_wconf 85' lang='lat' dir='ltr'>dicamus.</span> <span class='ocrx_word' id='word_1_136' title='bbox 427 2560 500 2656; x_wconf 82' lang='lat' dir='ltr'>Ego</span> <span class='ocrx_word' id='word_1_137' title='bbox 523 2559 618 2631; x_wconf 81' lang='lat' dir='ltr'>enim</span> <span class='ocrx_word' id='word_1_138' title='bbox 633 2561 800 2635; x_wconf 83' lang='lat' dir='ltr'>Catonem</span> <span class='ocrx_word' id='word_1_139' title='bbox 813 2546 933 2651; x_wconf 79' lang='lat' dir='ltr'>mum,</span> <span class='ocrx_word' id='word_1_140' title='bbox 949 2592 1007 2644; x_wconf 63' lang='lat'>294,</span> 
     </span>
     <span class='ocr_line' id='line_1_22' title="bbox 43 2665 935 2765; baseline 0 -25"><span class='ocrx_word' id='word_1_141' title='bbox 43 2665 166 2756; x_wconf 76' lang='lat' dir='ltr'>civem,</span> <span class='ocrx_word' id='word_1_142' title='bbox 189 2689 226 2744; x_wconf 86' lang='lat' dir='ltr'>ut</span> <span class='ocrx_word' id='word_1_143' title='bbox 248 2667 461 2765; x_wconf 64' lang='lat' dir='ltr'>senatorem,</span> <span class='ocrx_word' id='word_1_144' title='bbox 483 2683 520 2740; x_wconf 88' lang='lat' dir='ltr'>ut</span> <span class='ocrx_word' id='word_1_145' title='bbox 542 2667 800 2763; x_wconf 78' lang='lat' dir='ltr'>imperatorem,</span> <span class='ocrx_word' id='word_1_146' title='bbox 823 2689 861 2740; x_wconf 89' lang='lat' dir='ltr'>ut</span> <span class='ocrx_word' id='word_1_147' title='bbox 878 2668 935 2740; x_wconf 89' lang='lat' dir='ltr'>vi-</span> 
     </span>
    </p>

    <p class='ocr_par' dir='ltr' id='par_1_10' title="bbox 43 2773 937 2876">
     <span class='ocr_line' id='line_1_23' title="bbox 43 2773 937 2876; baseline 0.008 -32"><span class='ocrx_word' id='word_1_148' title='bbox 43 2800 53 2844; x_wconf 95' lang='grc' dir='ltr'>ι</span> <span class='ocrx_word' id='word_1_149' title='bbox 86 2773 228 2870; x_wconf 89' lang='lat' dir='ltr'>denique</span> <span class='ocrx_word' id='word_1_150' title='bbox 261 2800 340 2873; x_wconf 83' lang='lat' dir='ltr'>cum</span> <span class='ocrx_word' id='word_1_151' title='bbox 369 2774 549 2872; x_wconf 79' lang='lat' dir='ltr'>prudentia</span> <span class='ocrx_word' id='word_1_152' title='bbox 579 2793 614 2848; x_wconf 93' lang='lat' dir='ltr'>et</span> <span class='ocrx_word' id='word_1_153' title='bbox 644 2777 827 2876; x_wconf 84' lang='lat' dir='ltr'>diligentia,</span> <span class='ocrx_word' id='word_1_154' title='bbox 862 2790 937 2851; x_wconf 84' lang='lat' dir='ltr'>tum</span> 
     </span>
    </p>

    <p class='ocr_par' dir='ltr' id='par_1_11' title="bbox 43 2885 934 2984">
     <span class='ocr_line' id='line_1_24' title="bbox 43 2885 934 2984; baseline 0.007 -27"><span class='ocrx_word' id='word_1_155' title='bbox 43 2885 76 2957; x_wconf 91' lang='lat' dir='ltr'>ni</span> <span class='ocrx_word' id='word_1_156' title='bbox 95 2887 217 2959; x_wconf 86' lang='lat' dir='ltr'>virtute</span> <span class='ocrx_word' id='word_1_157' title='bbox 233 2888 465 2978; x_wconf 85' lang='lat' dir='ltr'>excellentem,</span> <span class='ocrx_word' id='word_1_158' title='bbox 490 2887 617 2984; x_wconf 87' lang='lat' dir='ltr'>probo:</span> <span class='ocrx_word' id='word_1_159' title='bbox 642 2891 810 2963; x_wconf 91' lang='lat' dir='ltr'>orationes</span> <span class='ocrx_word' id='word_1_160' title='bbox 826 2911 934 2963; x_wconf 86' lang='lat' dir='ltr'>autem</span> 
     </span>
    </p>

    <p class='ocr_par' dir='ltr' id='par_1_12' title="bbox 43 2993 944 3103">
     <span class='ocr_line' id='line_1_25' title="bbox 43 2993 944 3103; baseline 0.003 -35.044"><span class='ocrx_word' id='word_1_161' title='bbox 43 3040 69 3083; x_wconf 89' lang='grc'><strong><em>,</em></strong></span> <span class='ocrx_word' id='word_1_162' title='bbox 94 3013 131 3068; x_wconf 88' lang='lat' dir='ltr'>ut</span> <span class='ocrx_word' id='word_1_163' title='bbox 152 2997 219 3069; x_wconf 90' lang='lat' dir='ltr'>illis</span> <span class='ocrx_word' id='word_1_164' title='bbox 240 2997 481 3103; x_wconf 87' lang='lat' dir='ltr'>temporibus,</span> <span class='ocrx_word' id='word_1_165' title='bbox 496 2993 601 3072; x_wconf 87' lang='lat' dir='ltr'>valde</span> <span class='ocrx_word' id='word_1_166' title='bbox 616 2998 727 3072; x_wconf 88' lang='lat' dir='ltr'>laudo</span> <span class='ocrx_word' id='word_1_167' title='bbox 754 2997 944 3094; x_wconf 77' lang='lat' dir='ltr'>significant</span> 
     </span>
    </p>

    <p class='ocr_par' dir='ltr' id='par_1_13' title="bbox 42 3097 1039 3753">
     <span class='ocr_line' id='line_1_26' title="bbox 43 3097 946 3206; baseline 0.007 -32"><span class='ocrx_word' id='word_1_168' title='bbox 43 3129 72 3174; x_wconf 84' lang='lat' dir='ltr'>m</span> <span class='ocrx_word' id='word_1_169' title='bbox 112 3103 276 3200; x_wconf 85' lang='lat' dir='ltr'>quandam</span> <span class='ocrx_word' id='word_1_170' title='bbox 306 3097 498 3179; x_wconf 82' lang='lat' dir='ltr'>formam</span> <span class='ocrx_word' id='word_1_171' title='bbox 489 3107 633 3206; x_wconf 84' lang='lat' dir='ltr'>mgenii,</span> <span class='ocrx_word' id='word_1_172' title='bbox 671 3108 727 3179; x_wconf 88' lang='lat' dir='ltr'>sed</span> <span class='ocrx_word' id='word_1_173' title='bbox 755 3107 946 3180; x_wconf 17' lang='lat' dir='ltr'>admodum*</span> 
     </span>
     <span class='ocr_line' id='line_1_27' title="bbox 43 3204 944 3315; baseline 0.003 -29"><span class='ocrx_word' id='word_1_174' title='bbox 43 3214 187 3305; x_wconf 82' lang='lat' dir='ltr'>ohtam,</span> <span class='ocrx_word' id='word_1_175' title='bbox 216 3233 249 3288; x_wconf 88' lang='lat' dir='ltr'>et</span> <span class='ocrx_word' id='word_1_176' title='bbox 279 3204 384 3315; x_wconf 90' lang='lat' dir='ltr'>plane</span> <span class='ocrx_word' id='word_1_177' title='bbox 395 3218 524 3290; x_wconf 83' lang='lat' dir='ltr'>rudem.</span> <span class='ocrx_word' id='word_1_178' title='bbox 571 3217 726 3313; x_wconf 86' lang='lat' dir='ltr'>Origines</span> <span class='ocrx_word' id='word_1_179' title='bbox 750 3238 834 3306; x_wconf 88' lang='lat' dir='ltr'>vero</span> <span class='ocrx_word' id='word_1_180' title='bbox 858 3237 944 3290; x_wconf 87' lang='lat' dir='ltr'>cum</span> 
     </span>
     <span class='ocr_line' id='line_1_28' title="bbox 43 3326 1015 3416; baseline 0.003 -19"><span class='ocrx_word' id='word_1_181' title='bbox 43 3326 136 3398; x_wconf 91' lang='lat' dir='ltr'>nibus</span> <span class='ocrx_word' id='word_1_182' title='bbox 156 3327 300 3411; x_wconf 80' lang='lat' dir='ltr'>oratoris</span> <span class='ocrx_word' id='word_1_183' title='bbox 316 3328 466 3401; x_wconf 85' lang='lat' dir='ltr'>laudibus</span> <span class='ocrx_word' id='word_1_184' title='bbox 487 3327 625 3399; x_wconf 89' lang='lat' dir='ltr'>refertas</span> <span class='ocrx_word' id='word_1_185' title='bbox 640 3326 789 3416; x_wconf 84' lang='lat' dir='ltr'>diceres,</span> <span class='ocrx_word' id='word_1_186' title='bbox 815 3346 850 3402; x_wconf 85' lang='lat' dir='ltr'>et</span> <span class='ocrx_word' id='word_1_187' title='bbox 868 3328 936 3400; x_wconf 89' lang='lat' dir='ltr'>Ca·</span> <span class='ocrx_word' id='word_1_188' title='bbox 974 3366 1015 3393; x_wconf 90' lang='lat'>.··</span> 
     </span>
     <span class='ocr_line' id='line_1_29' title="bbox 42 3436 1039 3536; baseline 0.004 -25"><span class='ocrx_word' id='word_1_189' title='bbox 42 3464 97 3511; x_wconf 90' lang='lat' dir='ltr'>em</span> <span class='ocrx_word' id='word_1_190' title='bbox 134 3463 211 3512; x_wconf 90' lang='lat' dir='ltr'>cum</span> <span class='ocrx_word' id='word_1_191' title='bbox 241 3438 377 3519; x_wconf 87' lang='lat' dir='ltr'>Philisto</span> <span class='ocrx_word' id='word_1_192' title='bbox 407 3457 441 3511; x_wconf 91' lang='lat' dir='ltr'>et</span> <span class='ocrx_word' id='word_1_193' title='bbox 472 3436 676 3536; x_wconf 86' lang='lat' dir='ltr'>Thucydide</span> <span class='ocrx_word' id='word_1_194' title='bbox 690 3462 919 3535; x_wconf 87' lang='lat' dir='ltr'>comparares</span> <span class='ocrx_word' id='word_1_195' title='bbox 924 3491 947 3525; x_wconf 81' lang='grc'>,.</span> <span class='ocrx_word' id='word_1_196' title='bbox 1029 3464 1039 3477; x_wconf 80' lang='grc'>·’</span> 
     </span>
     <span class='ocr_line' id='line_1_30' title="bbox 43 3531 981 3643; baseline -0.003 -22"><span class='ocrx_word' id='word_1_197' title='bbox 43 3567 129 3622; x_wconf 84' lang='lat' dir='ltr'>tone</span> <span class='ocrx_word' id='word_1_198' title='bbox 158 3567 191 3621; x_wconf 94' lang='lat' dir='ltr'>te</span> <span class='ocrx_word' id='word_1_199' title='bbox 228 3531 266 3621; x_wconf 86' lang='lat' dir='ltr'>id</span> <span class='ocrx_word' id='word_1_200' title='bbox 302 3540 478 3638; x_wconf 80' lang='lat' dir='ltr'>censebas,</span> <span class='ocrx_word' id='word_1_201' title='bbox 513 3572 555 3619; x_wconf 87' lang='lat' dir='ltr'>an</span> <span class='ocrx_word' id='word_1_202' title='bbox 581 3545 663 3623; x_wconf 88' lang='lat' dir='ltr'>mihi</span> <span class='ocrx_word' id='word_1_203' title='bbox 678 3549 981 3643; x_wconf 87' lang='lat' dir='ltr'>probaturum</span> <span class='ocrx_word' id='word_1_204' title='bbox 919 3547 945 3618; x_wconf 57' lang='lat' dir='ltr'>l*</span> 
     </span>
     <span class='ocr_line' id='line_1_31' title="bbox 43 3648 948 3753; baseline -0.008 -25"><span class='ocrx_word' id='word_1_205' title='bbox 43 3683 68 3730; x_wconf 67' lang='lat' dir='ltr'>»s</span> <span class='ocrx_word' id='word_1_206' title='bbox 87 3657 177 3729; x_wconf 90' lang='lat' dir='ltr'>enim</span> <span class='ocrx_word' id='word_1_207' title='bbox 197 3681 238 3728; x_wconf 90' lang='lat' dir='ltr'>ne</span> <span class='ocrx_word' id='word_1_208' title='bbox 257 3680 275 3726; x_wconf 93' lang='lat' dir='ltr'>e</span> <span class='ocrx_word' id='word_1_209' title='bbox 295 3656 432 3729; x_wconf 87' lang='lat' dir='ltr'>Graecis</span> <span class='ocrx_word' id='word_1_210' title='bbox 451 3654 590 3753; x_wconf 83' lang='lat' dir='ltr'>quidem</span> <span class='ocrx_word' id='word_1_211' title='bbox 615 3650 822 3752; x_wconf 89' lang='lat' dir='ltr'>quisquam</span> <span class='ocrx_word' id='word_1_212' title='bbox 814 3648 948 3727; x_wconf 77' lang='lat' dir='ltr'>imitari</span> 
     </span>
    </p>
   </div>
   <div class='ocr_carea' id='block_1_3' title="bbox 43 3761 948 3954">
    <p class='ocr_par' dir='ltr' id='par_1_14' title="bbox 43 3761 948 3954">
     <span class='ocr_line' id='line_1_32' title="bbox 43 3761 948 3935; baseline -0.012 -86"><span class='ocrx_word' id='word_1_213' title='bbox 43 3772 115 3865; x_wconf 87' lang='lat' dir='ltr'>est,</span> <span class='ocrx_word' id='word_1_214' title='bbox 147 3773 188 3851; x_wconf 85' lang='lat' dir='ltr'>iis</span> <span class='ocrx_word' id='word_1_215' title='bbox 218 3795 255 3848; x_wconf 90' lang='lat' dir='ltr'>tu</span> <span class='ocrx_word' id='word_1_216' title='bbox 286 3793 459 3867; x_wconf 87' lang='lat' dir='ltr'>comparas</span> <span class='ocrx_word' id='word_1_217' title='bbox 493 3766 678 3935; x_wconf 52' lang='lat' dir='ltr'>hominen}3</span> <span class='ocrx_word' id='word_1_218' title='bbox 689 3761 948 3934; x_wconf 57' lang='lat' dir='ltr'>ffusctdamuu,</span> 
     </span>
     <span class='ocr_line' id='line_1_33' title="bbox 744 3885 884 3954; baseline 0 0"><span class='ocrx_word' id='word_1_219' title='bbox 744 3885 774 3954; x_wconf 68' lang='lat' dir='ltr'>‘i</span> <span class='ocrx_word' id='word_1_220' title='bbox 881 3950 884 3954; x_wconf 84' lang='lat'>.</span> 
     </span>
    </p>
   </div>
   <div class='ocr_carea' id='block_1_4' title="bbox 0 0 1156 4304">
    <p class='ocr_par' dir='ltr' id='par_1_15' title="bbox 0 0 1156 4304">
     <span class='ocr_line' id='line_1_34' title="bbox 0 0 1156 4304; baseline 0 0"><span class='ocrx_word' id='word_1_221' title='bbox 0 0 1156 4304; x_wconf 95' lang='lat' dir='ltr'> </span> 
     </span>
    </p>
   </div>
  </div>
 </body>
</html>
