<?xml version="1.0" encoding="UTF-8"?>
<!DOCTYPE html PUBLIC "-//W3C//DTD XHTML 1.0 Transitional//EN"
    "http://www.w3.org/TR/xhtml1/DTD/xhtml1-transitional.dtd">
<html xmlns="http://www.w3.org/1999/xhtml" xml:lang="en" lang="en">
 <head>
  <title>
</title>
<meta http-equiv="Content-Type" content="text/html;charset=utf-8" />
  <meta name='ocr-system' content='tesseract 3.04.00' />
  <meta name='ocr-capabilities' content='ocr_page ocr_carea ocr_par ocr_line ocrx_word'/>
</head>
<body>
  <div class='ocr_page' id='page_1' title='image "./mtulliiciceroni00plutgoog_0253.png"; bbox 0 0 2302 4304; ppageno 0'>
   <div class='ocr_carea' id='block_1_1' title="bbox 35 262 866 384">
    <p class='ocr_par' dir='ltr' id='par_1_1' title="bbox 35 262 866 384">
     <span class='ocr_line' id='line_1_1' title="bbox 35 262 866 384; baseline -0.004 -27"><span class='ocrx_word' id='word_1_1' title='bbox 35 362 42 380; x_wconf 66' lang='grc'>,</span> <span class='ocrx_word' id='word_1_2' title='bbox 127 307 196 384; x_wconf 59' lang='grc' dir='ltr'>ηι</span> <span class='ocrx_word' id='word_1_3' title='bbox 357 262 866 383; x_wconf 75' lang='grc' dir='ltr'><strong>οιοιιτοιι</strong></span> 
     </span>
    </p>
   </div>
   <div class='ocr_carea' id='block_1_2' title="bbox 40 443 1129 3859">
    <p class='ocr_par' dir='ltr' id='par_1_2' title="bbox 40 443 1129 3859">
     <span class='ocr_line' id='line_1_2' title="bbox 122 443 1088 543; baseline -0.002 -25"><span class='ocrx_word' id='word_1_4' title='bbox 122 444 254 536; x_wconf 82' lang='lat' dir='ltr'>studio,</span> <span class='ocrx_word' id='word_1_5' title='bbox 277 466 311 519; x_wconf 91' lang='lat' dir='ltr'>et</span> <span class='ocrx_word' id='word_1_6' title='bbox 327 470 346 518; x_wconf 90' lang='lat' dir='ltr'>a</span> <span class='ocrx_word' id='word_1_7' title='bbox 363 462 477 527; x_wconf 85' lang='lat' dir='ltr'>natura</span> <span class='ocrx_word' id='word_1_8' title='bbox 487 444 674 537; x_wconf 82' lang='lat' dir='ltr'>adiuvetur,</span> <span class='ocrx_word' id='word_1_9' title='bbox 688 463 721 518; x_wconf 88' lang='lat' dir='ltr'>et</span> <span class='ocrx_word' id='word_1_10' title='bbox 733 444 769 516; x_wconf 91' lang='lat' dir='ltr'>in</span> <span class='ocrx_word' id='word_1_11' title='bbox 779 443 1016 518; x_wconf 85' lang='lat' dir='ltr'>universorum</span> <span class='ocrx_word' id='word_1_12' title='bbox 1029 451 1088 543; x_wconf 76' lang='lat' dir='ltr'>ge·</span> 
     </span>
     <span class='ocr_line' id='line_1_3' title="bbox 122 550 1087 653; baseline -0.001 -24"><span class='ocrx_word' id='word_1_13' title='bbox 122 578 239 629; x_wconf 89' lang='lat' dir='ltr'>nerum</span> <span class='ocrx_word' id='word_1_14' title='bbox 262 553 397 627; x_wconf 86' lang='lat' dir='ltr'>infinitis</span> <span class='ocrx_word' id='word_1_15' title='bbox 424 550 961 653; x_wconf 77' lang='lat' dir='ltr'>disceptationibus&#39;exercitatus3</span> <span class='ocrx_word' id='word_1_16' title='bbox 988 582 1087 631; x_wconf 88' lang='lat' dir='ltr'>orna-</span> 
     </span>
     <span class='ocr_line' id='line_1_4' title="bbox 122 667 1086 767; baseline 0.002 -29"><span class='ocrx_word' id='word_1_17' title='bbox 122 667 261 742; x_wconf 87' lang='lat' dir='ltr'>tiffimos</span> <span class='ocrx_word' id='word_1_18' title='bbox 295 669 472 766; x_wconf 82' lang='lat' dir='ltr'>scriptores</span> <span class='ocrx_word' id='word_1_19' title='bbox 501 669 715 767; x_wconf 76' lang='lat' dir='ltr'>oratoresque</span> <span class='ocrx_word' id='word_1_20' title='bbox 741 669 783 740; x_wconf 86' lang='lat' dir='ltr'>ad</span> <span class='ocrx_word' id='word_1_21' title='bbox 816 667 1086 766; x_wconf 77' lang='lat' dir='ltr'>cognostendum</span> 
     </span>
     <span class='ocr_line' id='line_1_5' title="bbox 62 770 1087 882; baseline 0.002 -30"><span class='ocrx_word' id='word_1_22' title='bbox 62 826 66 831; x_wconf 35' lang='grc' dir='ltr'><strong>ι</strong></span> <span class='ocrx_word' id='word_1_23' title='bbox 91 770 97 793; x_wconf 72' lang='grc'><strong>“</strong></span> <span class='ocrx_word' id='word_1_24' title='bbox 122 780 382 882; x_wconf 85' lang='lat' dir='ltr'>imitandumque</span> <span class='ocrx_word' id='word_1_25' title='bbox 401 784 580 882; x_wconf 87' lang='lat' dir='ltr'><strong>cognorit:</strong></span> <span class='ocrx_word' id='word_1_26' title='bbox 597 808 657 856; x_wconf 91' lang='lat' dir='ltr'>nae</span> <span class='ocrx_word' id='word_1_27' title='bbox 676 783 729 856; x_wconf 87' lang='lat' dir='ltr'>ille</span> <span class='ocrx_word' id='word_1_28' title='bbox 748 784 835 855; x_wconf 91' lang='lat' dir='ltr'>haud</span> <span class='ocrx_word' id='word_1_29' title='bbox 854 783 954 875; x_wconf 85' lang='lat' dir='ltr'>sane,</span> <span class='ocrx_word' id='word_1_30' title='bbox 972 807 1087 880; x_wconf 92' lang='lat' dir='ltr'>quem-</span> 
     </span>
     <span class='ocr_line' id='line_1_6' title="bbox 122 889 1088 989; baseline 0 -27"><span class='ocrx_word' id='word_1_31' title='bbox 122 889 305 964; x_wconf 84' lang='lat' dir='ltr'>admodum</span> <span class='ocrx_word' id='word_1_32' title='bbox 337 891 440 964; x_wconf 90' lang='lat' dir='ltr'>verba</span> <span class='ocrx_word' id='word_1_33' title='bbox 473 891 574 965; x_wconf 77' lang='lat' dir='ltr'>tirum</span> <span class='ocrx_word' id='word_1_34' title='bbox 600 910 633 965; x_wconf 89' lang='lat' dir='ltr'>et</span> <span class='ocrx_word' id='word_1_35' title='bbox 660 892 855 979; x_wconf 85' lang='lat' dir='ltr'>illuminet,</span> <span class='ocrx_word' id='word_1_36' title='bbox 879 917 898 963; x_wconf 88' lang='lat' dir='ltr'>a</span> <span class='ocrx_word' id='word_1_37' title='bbox 927 889 1088 989; x_wconf 80' lang='lat' dir='ltr'>magistris</span> 
     </span>
     <span class='ocr_line' id='line_1_7' title="bbox 123 1001 1087 1126; baseline -0.001 -51"><span class='ocrx_word' id='word_1_38' title='bbox 123 1001 190 1075; x_wconf 84' lang='lat' dir='ltr'>istis</span> <span class='ocrx_word' id='word_1_39' title='bbox 217 1004 373 1126; x_wconf 86' lang='lat' dir='ltr'>requiret.</span> <span class='ocrx_word' id='word_1_40' title='bbox 405 1005 449 1078; x_wconf 91' lang='lat' dir='ltr'>ita</span> <span class='ocrx_word' id='word_1_41' title='bbox 486 1005 581 1080; x_wconf 92' lang='lat' dir='ltr'>sacile</span> <span class='ocrx_word' id='word_1_42' title='bbox 606 1006 641 1076; x_wconf 91' lang='lat' dir='ltr'>in</span> <span class='ocrx_word' id='word_1_43' title='bbox 675 1029 787 1078; x_wconf 88' lang='lat' dir='ltr'>rerum</span> <span class='ocrx_word' id='word_1_44' title='bbox 820 1003 1022 1077; x_wconf 87' lang='lat' dir='ltr'>abundantia</span> <span class='ocrx_word' id='word_1_45' title='bbox 1047 1002 1087 1074; x_wconf 92' lang='lat' dir='ltr'>ad</span> 
     </span>
     <span class='ocr_line' id='line_1_8' title="bbox 123 1108 1086 1210; baseline 0 -28"><span class='ocrx_word' id='word_1_46' title='bbox 123 1112 285 1185; x_wconf 87' lang='lat' dir='ltr'>orationis</span> <span class='ocrx_word' id='word_1_47' title='bbox 317 1131 512 1186; x_wconf 82' lang='lat' dir='ltr'>ornamenta</span> <span class='ocrx_word' id='word_1_48' title='bbox 545 1114 611 1188; x_wconf 86' lang='lat' dir='ltr'>stne</span> <span class='ocrx_word' id='word_1_49' title='bbox 648 1113 759 1206; x_wconf 85' lang='lat' dir='ltr'>duce,</span> <span class='ocrx_word' id='word_1_50' title='bbox 793 1133 910 1189; x_wconf 88' lang='lat' dir='ltr'>natura</span> <span class='ocrx_word' id='word_1_51' title='bbox 942 1111 1037 1210; x_wconf 88' lang='lat' dir='ltr'>ipsa,</span> <span class='ocrx_word' id='word_1_52' title='bbox 1063 1108 1086 1182; x_wconf 87' lang='lat' dir='ltr'>st</span> 
     </span>
     <span class='ocr_line' id='line_1_9' title="bbox 122 1221 683 1314; baseline 0.002 -19"><span class='ocrx_word' id='word_1_53' title='bbox 122 1223 229 1295; x_wconf 91' lang='lat' dir='ltr'>modo</span> <span class='ocrx_word' id='word_1_54' title='bbox 251 1221 299 1293; x_wconf 88' lang='lat' dir='ltr'>est</span> <span class='ocrx_word' id='word_1_55' title='bbox 323 1224 525 1314; x_wconf 80' lang='lat' dir='ltr'>exercitata,</span> <span class='ocrx_word' id='word_1_56' title='bbox 544 1224 683 1298; x_wconf 90' lang='lat' dir='ltr'>labetur</span> 
     </span>
     <span class='ocr_line' id='line_1_10' title="bbox 61 1331 1087 1430; baseline -0.001 -27"><span class='ocrx_word' id='word_1_57' title='bbox 61 1357 106 1428; x_wconf 81' lang='lat'>32</span> <span class='ocrx_word' id='word_1_58' title='bbox 171 1332 237 1404; x_wconf 88' lang='lat' dir='ltr'>Hic</span> <span class='ocrx_word' id='word_1_59' title='bbox 264 1331 424 1420; x_wconf 59' lang='lat' dir='ltr'>(laudus,</span> <span class='ocrx_word' id='word_1_60' title='bbox 453 1332 514 1406; x_wconf 93' lang='lat' dir='ltr'>Dii</span> <span class='ocrx_word' id='word_1_61' title='bbox 537 1332 740 1406; x_wconf 88' lang='lat' dir='ltr'>immortales</span> <span class='ocrx_word' id='word_1_62' title='bbox 749 1331 913 1430; x_wconf 89' lang='lat' dir='ltr'>,inquit‚</span> <span class='ocrx_word' id='word_1_63' title='bbox 933 1347 1087 1429; x_wconf 89' lang='lat' dir='ltr'>quantam</span> 
     </span>
     <span class='ocr_line' id='line_1_11' title="bbox 62 1440 1106 1540; baseline 0.004 -28"><span class='ocrx_word' id='word_1_64' title='bbox 62 1460 108 1512; x_wconf 74' lang='grc' dir='ltr'>ιιι</span> <span class='ocrx_word' id='word_1_65' title='bbox 123 1465 235 1513; x_wconf 88' lang='lat' dir='ltr'>rerum</span> <span class='ocrx_word' id='word_1_66' title='bbox 250 1440 443 1514; x_wconf 85' lang='lat' dir='ltr'>varietatem</span> <span class='ocrx_word' id='word_1_67' title='bbox 457 1495 468 1530; x_wconf 93' lang='lat'>,</span> <span class='ocrx_word' id='word_1_68' title='bbox 482 1459 638 1539; x_wconf 89' lang='lat' dir='ltr'>quantam</span> <span class='ocrx_word' id='word_1_69' title='bbox 659 1440 747 1532; x_wconf 83' lang='lat' dir='ltr'>vim,</span> <span class='ocrx_word' id='word_1_70' title='bbox 766 1459 922 1540; x_wconf 89' lang='lat' dir='ltr'>quamam</span> <span class='ocrx_word' id='word_1_71' title='bbox 940 1440 1087 1537; x_wconf 88' lang='lat' dir='ltr'>copiam,</span> <span class='ocrx_word' id='word_1_72' title='bbox 1099 1509 1106 1525; x_wconf 71' lang='lat'><em>„</em></span> 
     </span>
     <span class='ocr_line' id='line_1_12' title="bbox 123 1546 1087 1674; baseline 0.004 -54"><span class='ocrx_word' id='word_1_73' title='bbox 123 1546 255 1652; x_wconf 80' lang='lat' dir='ltr'>Crasse,</span> <span class='ocrx_word' id='word_1_74' title='bbox 278 1550 471 1647; x_wconf 82' lang='lat' dir='ltr'>complexus</span> <span class='ocrx_word' id='word_1_75' title='bbox 491 1576 542 1640; x_wconf 85' lang='lat' dir='ltr'>es,</span> <span class='ocrx_word' id='word_1_76' title='bbox 555 1551 748 1674; x_wconf 84' lang='lat' dir='ltr'>quantisque</span> <span class='ocrx_word' id='word_1_77' title='bbox 760 1551 969 1653; x_wconf 80' lang='lat' dir='ltr'>exangutiiis</span> <span class='ocrx_word' id='word_1_78' title='bbox 983 1574 1087 1647; x_wconf 80' lang='lat' dir='ltr'>orato</span> 
     </span>
     <span class='ocr_line' id='line_1_13' title="bbox 125 1659 1088 1759; baseline 0.003 -29"><span class='ocrx_word' id='word_1_79' title='bbox 125 1682 198 1730; x_wconf 90' lang='lat' dir='ltr'>rem</span> <span class='ocrx_word' id='word_1_80' title='bbox 212 1659 352 1734; x_wconf 85' lang='lat' dir='ltr'>educere</span> <span class='ocrx_word' id='word_1_81' title='bbox 366 1659 457 1734; x_wconf 86' lang='lat' dir='ltr'>ausus</span> <span class='ocrx_word' id='word_1_82' title='bbox 472 1684 531 1750; x_wconf 75' lang='lat' dir='ltr'>ec,</span> <span class='ocrx_word' id='word_1_83' title='bbox 563 1677 595 1732; x_wconf 87' lang='lat' dir='ltr'>et</span> <span class='ocrx_word' id='word_1_84' title='bbox 605 1660 641 1732; x_wconf 89' lang='lat' dir='ltr'>in</span> <span class='ocrx_word' id='word_1_85' title='bbox 657 1662 822 1733; x_wconf 89' lang='lat' dir='ltr'>maiomm</span> <span class='ocrx_word' id='word_1_86' title='bbox 833 1661 971 1734; x_wconf 88' lang='lat' dir='ltr'>suorum</span> <span class='ocrx_word' id='word_1_87' title='bbox 986 1685 1088 1759; x_wconf 88' lang='lat' dir='ltr'>regno</span> 
     </span>
     <span class='ocr_line' id='line_1_14' title="bbox 124 1714 1128 1871; baseline 0.004 -28"><span class='ocrx_word' id='word_1_88' title='bbox 124 1769 317 1844; x_wconf 83' lang='lat' dir='ltr'>collocare&#39;</span> <span class='ocrx_word' id='word_1_89' title='bbox 341 1774 494 1871; x_wconf 84' lang='lat' dir='ltr'>Namque</span> <span class='ocrx_word' id='word_1_90' title='bbox 517 1714 590 1844; x_wconf 79' lang='lat' dir='ltr'>illos&#39;</span> <span class='ocrx_word' id='word_1_91' title='bbox 606 1790 735 1847; x_wconf 86' lang='lat' dir='ltr'>veteres</span> <span class='ocrx_word' id='word_1_92' title='bbox 748 1774 904 1848; x_wconf 76' lang='lat' dir='ltr'>dodores</span> <span class='ocrx_word' id='word_1_93' title='bbox 918 1773 1087 1850; x_wconf 68' lang='lat' dir='ltr'>audlores·</span> <span class='ocrx_word' id='word_1_94' title='bbox 1127 1780 1128 1787; x_wconf 77' lang='grc'>’</span> 
     </span>
     <span class='ocr_line' id='line_1_15' title="bbox 123 1879 1087 1982; baseline 0.003 -29"><span class='ocrx_word' id='word_1_95' title='bbox 123 1906 190 1978; x_wconf 80' lang='lat' dir='ltr'>que</span> <span class='ocrx_word' id='word_1_96' title='bbox 210 1879 342 1956; x_wconf 84' lang='lat' dir='ltr'>dicendi</span> <span class='ocrx_word' id='word_1_97' title='bbox 364 1884 489 1955; x_wconf 90' lang='lat' dir='ltr'>nullum</span> <span class='ocrx_word' id='word_1_98' title='bbox 507 1909 609 1981; x_wconf 82' lang='lat' dir='ltr'>genus</span> <span class='ocrx_word' id='word_1_99' title='bbox 623 1883 882 1982; x_wconf 82' lang='lat' dir='ltr'>disputationisa</span> <span class='ocrx_word' id='word_1_100' title='bbox 903 1883 936 1955; x_wconf 92' lang='lat' dir='ltr'>se</span> <span class='ocrx_word' id='word_1_101' title='bbox 949 1882 1087 1956; x_wconf 88' lang='lat' dir='ltr'>alienum</span> 
     </span>
     <span class='ocr_line' id='line_1_16' title="bbox 124 1995 1088 2095; baseline 0 -27"><span class='ocrx_word' id='word_1_102' title='bbox 124 1996 249 2094; x_wconf 85' lang='lat' dir='ltr'>putasse</span> <span class='ocrx_word' id='word_1_103' title='bbox 269 1996 482 2094; x_wconf 88' lang='lat' dir='ltr'>accepimus,</span> <span class='ocrx_word' id='word_1_104' title='bbox 508 1995 701 2095; x_wconf 83' lang='lat' dir='ltr'>semperque</span> <span class='ocrx_word' id='word_1_105' title='bbox 720 1995 805 2067; x_wconf 83' lang='lat' dir='ltr'>else</span> <span class='ocrx_word' id='word_1_106' title='bbox 797 2019 833 2066; x_wconf 85' lang='lat' dir='ltr'>m</span> <span class='ocrx_word' id='word_1_107' title='bbox 848 1995 942 2068; x_wconf 90' lang='lat' dir='ltr'>omni</span> <span class='ocrx_word' id='word_1_108' title='bbox 963 1995 1088 2068; x_wconf 87' lang='lat' dir='ltr'>oratio·</span> 
     </span>
     <span class='ocr_line' id='line_1_17' title="bbox 62 2096 1129 2205; baseline -0.002 -25"><span class='ocrx_word' id='word_1_109' title='bbox 62 2096 109 2191; x_wconf 55' lang='lat'>12&#39;7</span> <span class='ocrx_word' id='word_1_110' title='bbox 124 2109 175 2182; x_wconf 78' lang='lat' dir='ltr'>nis</span> <span class='ocrx_word' id='word_1_111' title='bbox 198 2108 327 2181; x_wconf 87' lang='lat' dir='ltr'>ratione</span> <span class='ocrx_word' id='word_1_112' title='bbox 353 2107 510 2183; x_wconf 85' lang='lat' dir='ltr'>versatos.</span> <span class='ocrx_word' id='word_1_113' title='bbox 566 2109 616 2179; x_wconf 80' lang='lat' dir='ltr'>Ex</span> <span class='ocrx_word' id='word_1_114' title='bbox 646 2105 765 2205; x_wconf 87' lang='lat' dir='ltr'>quibus</span> <span class='ocrx_word' id='word_1_115' title='bbox 797 2105 896 2179; x_wconf 88' lang='lat' dir='ltr'>Eleus</span> <span class='ocrx_word' id='word_1_116' title='bbox 929 2105 1089 2203; x_wconf 85' lang='lat' dir='ltr'>Hippias,</span> <span class='ocrx_word' id='word_1_117' title='bbox 1127 2118 1129 2123; x_wconf 84' lang='lat'>&#39;</span> 
     </span>
     <span class='ocr_line' id='line_1_18' title="bbox 120 2215 1088 2321; baseline -0.005 -26"><span class='ocrx_word' id='word_1_118' title='bbox 120 2246 201 2295; x_wconf 86' lang='lat' dir='ltr'>cum</span> <span class='ocrx_word' id='word_1_119' title='bbox 226 2220 425 2321; x_wconf 87' lang='lat' dir='ltr'>Olympiam</span> <span class='ocrx_word' id='word_1_120' title='bbox 451 2216 613 2308; x_wconf 85' lang='lat' dir='ltr'>venisset,</span> <span class='ocrx_word' id='word_1_121' title='bbox 643 2215 871 2294; x_wconf 80' lang='lat' dir='ltr'>maximailla</span> <span class='ocrx_word' id='word_1_122' title='bbox 901 2215 1088 2315; x_wconf 86' lang='lat' dir='ltr'>quinquen-</span> 
     </span>
     <span class='ocr_line' id='line_1_19' title="bbox 123 2322 1090 2422; baseline -0.008 -19"><span class='ocrx_word' id='word_1_123' title='bbox 123 2329 190 2404; x_wconf 82' lang='lat' dir='ltr'>nali</span> <span class='ocrx_word' id='word_1_124' title='bbox 207 2328 395 2402; x_wconf 86' lang='lat' dir='ltr'>celebritate</span> <span class='ocrx_word' id='word_1_125' title='bbox 409 2327 590 2414; x_wconf 78' lang='lat' dir='ltr'>ludorrun,</span> <span class='ocrx_word' id='word_1_126' title='bbox 613 2324 769 2422; x_wconf 82' lang='lat' dir='ltr'>gloriatus</span> <span class='ocrx_word' id='word_1_127' title='bbox 786 2322 858 2413; x_wconf 91' lang='lat' dir='ltr'>est,</span> <span class='ocrx_word' id='word_1_128' title='bbox 882 2324 998 2396; x_wconf 72' lang='lat' dir='ltr'>cundia</span> <span class='ocrx_word' id='word_1_129' title='bbox 1011 2348 1090 2420; x_wconf 86' lang='lat' dir='ltr'>pae-</span> 
     </span>
     <span class='ocr_line' id='line_1_20' title="bbox 40 2431 1090 2527; baseline -0.008 -14"><span class='ocrx_word' id='word_1_130' title='bbox 40 2480 50 2513; x_wconf 87' lang='lat'>.·</span> <span class='ocrx_word' id='word_1_131' title='bbox 116 2454 168 2513; x_wconf 72' lang='lat' dir='ltr'>‘ne</span> <span class='ocrx_word' id='word_1_132' title='bbox 190 2441 342 2514; x_wconf 86' lang='lat' dir='ltr'>audiente</span> <span class='ocrx_word' id='word_1_133' title='bbox 363 2438 525 2527; x_wconf 83' lang='lat' dir='ltr'>Graecia,</span> <span class='ocrx_word' id='word_1_134' title='bbox 562 2433 644 2506; x_wconf 90' lang='lat' dir='ltr'>nihil</span> <span class='ocrx_word' id='word_1_135' title='bbox 667 2431 733 2505; x_wconf 87' lang='lat' dir='ltr'>else</span> <span class='ocrx_word' id='word_1_136' title='bbox 754 2431 818 2505; x_wconf 85' lang='lat' dir='ltr'>ulla</span> <span class='ocrx_word' id='word_1_137' title='bbox 843 2434 878 2504; x_wconf 91' lang='lat' dir='ltr'>in</span> <span class='ocrx_word' id='word_1_138' title='bbox 897 2451 966 2507; x_wconf 87' lang='lat' dir='ltr'>arte</span> <span class='ocrx_word' id='word_1_139' title='bbox 980 2455 1090 2506; x_wconf 88' lang='lat' dir='ltr'>rerum</span> 
     </span>
     <span class='ocr_line' id='line_1_21' title="bbox 125 2536 1090 2644; baseline -0.012 -24"><span class='ocrx_word' id='word_1_140' title='bbox 125 2548 301 2636; x_wconf 88' lang='lat' dir='ltr'>omnium,</span> <span class='ocrx_word' id='word_1_141' title='bbox 327 2543 420 2644; x_wconf 90' lang='lat' dir='ltr'>quod</span> <span class='ocrx_word' id='word_1_142' title='bbox 443 2542 511 2640; x_wconf 92' lang='lat' dir='ltr'>ipse</span> <span class='ocrx_word' id='word_1_143' title='bbox 536 2539 698 2615; x_wconf 85' lang='lat' dir='ltr'>nesciret:</span> <span class='ocrx_word' id='word_1_144' title='bbox 716 2561 778 2609; x_wconf 90' lang='lat' dir='ltr'>nec</span> <span class='ocrx_word' id='word_1_145' title='bbox 795 2536 902 2609; x_wconf 90' lang='lat' dir='ltr'>solum</span> <span class='ocrx_word' id='word_1_146' title='bbox 919 2537 1090 2625; x_wconf 81' lang='lat' dir='ltr'>hasartes,</span> 
     </span>
     <span class='ocr_line' id='line_1_22' title="bbox 50 2648 1091 2757; baseline -0.01 -27"><span class='ocrx_word' id='word_1_147' title='bbox 50 2739 52 2744; x_wconf 51' lang='grc'>,</span> <span class='ocrx_word' id='word_1_148' title='bbox 126 2657 245 2757; x_wconf 85' lang='lat' dir='ltr'>quibus</span> <span class='ocrx_word' id='word_1_149' title='bbox 268 2655 416 2733; x_wconf 77' lang='lat' dir='ltr'>liberales</span> <span class='ocrx_word' id='word_1_150' title='bbox 445 2654 653 2744; x_wconf 76' lang='lat' dir='ltr'>dodrinae,</span> <span class='ocrx_word' id='word_1_151' title='bbox 665 2668 761 2748; x_wconf 89' lang='lat' dir='ltr'>atque</span> <span class='ocrx_word' id='word_1_152' title='bbox 788 2648 949 2746; x_wconf 84' lang='lat' dir='ltr'>ingenuae</span> <span class='ocrx_word' id='word_1_153' title='bbox 982 2648 1091 2721; x_wconf 89' lang='lat' dir='ltr'>conti·</span> 
     </span>
     <span class='ocr_line' id='line_1_23' title="bbox 49 2756 1090 2880; baseline -0.019 -32"><span class='ocrx_word' id='word_1_154' title='bbox 49 2759 54 2825; x_wconf 70' lang='lat'>3</span> <span class='ocrx_word' id='word_1_155' title='bbox 125 2787 305 2861; x_wconf 86' lang='lat' dir='ltr'>ueremur,</span> <span class='ocrx_word' id='word_1_156' title='bbox 324 2766 561 2865; x_wconf 87' lang='lat' dir='ltr'>geometriam,</span> <span class='ocrx_word' id='word_1_157' title='bbox 583 2761 763 2851; x_wconf 84' lang='lat' dir='ltr'>musrcam,</span> <span class='ocrx_word' id='word_1_158' title='bbox 781 2760 949 2833; x_wconf 88' lang='lat' dir='ltr'>literarum</span> <span class='ocrx_word' id='word_1_159' title='bbox 974 2756 1090 2880; x_wconf 83' lang='lat' dir='ltr'>cogni-</span> 
     </span>
     <span class='ocr_line' id='line_1_24' title="bbox 124 2866 1091 2973; baseline -0.017 -18"><span class='ocrx_word' id='word_1_160' title='bbox 124 2881 278 2968; x_wconf 90' lang='lat' dir='ltr'>tionem,</span> <span class='ocrx_word' id='word_1_161' title='bbox 302 2894 335 2950; x_wconf 91' lang='lat' dir='ltr'>et</span> <span class='ocrx_word' id='word_1_162' title='bbox 356 2893 551 2973; x_wconf 87' lang='lat' dir='ltr'>poetarum,</span> <span class='ocrx_word' id='word_1_163' title='bbox 571 2892 672 2969; x_wconf 89' lang='lat' dir='ltr'>atque</span> <span class='ocrx_word' id='word_1_164' title='bbox 696 2870 767 2961; x_wconf 88' lang='lat' dir='ltr'>illa,</span> <span class='ocrx_word' id='word_1_165' title='bbox 793 2894 877 2968; x_wconf 88' lang='lat' dir='ltr'>quae</span> <span class='ocrx_word' id='word_1_166' title='bbox 902 2868 944 2941; x_wconf 88' lang='lat' dir='ltr'>de</span> <span class='ocrx_word' id='word_1_167' title='bbox 967 2866 1091 2942; x_wconf 75' lang='lat' dir='ltr'>natiuis</span> 
     </span>
     <span class='ocr_line' id='line_1_25' title="bbox 124 2981 1092 3086; baseline -0.013 -23"><span class='ocrx_word' id='word_1_168' title='bbox 124 3015 260 3079; x_wconf 89' lang='lat' dir='ltr'>rerum,</span> <span class='ocrx_word' id='word_1_169' title='bbox 285 3011 370 3086; x_wconf 88' lang='lat' dir='ltr'>quae</span> <span class='ocrx_word' id='word_1_170' title='bbox 398 2985 439 3058; x_wconf 90' lang='lat' dir='ltr'>de</span> <span class='ocrx_word' id='word_1_171' title='bbox 462 2982 640 3057; x_wconf 92' lang='lat' dir='ltr'>hominum</span> <span class='ocrx_word' id='word_1_172' title='bbox 670 2981 824 3056; x_wconf 76' lang='lat' dir='ltr'>moribus</span> <span class='ocrx_word' id='word_1_173' title='bbox 831 3034 843 3070; x_wconf 91' lang='lat'>‚</span> <span class='ocrx_word' id='word_1_174' title='bbox 865 3005 956 3078; x_wconf 86' lang='lat' dir='ltr'>quae</span> <span class='ocrx_word' id='word_1_175' title='bbox 976 2981 1019 3052; x_wconf 89' lang='lat' dir='ltr'>de</span> <span class='ocrx_word' id='word_1_176' title='bbox 1040 3003 1092 3050; x_wconf 86' lang='lat' dir='ltr'>re·</span> 
     </span>
     <span class='ocr_line' id='line_1_26' title="bbox 123 3042 1090 3198; baseline -0.015 -24"><span class='ocrx_word' id='word_1_177' title='bbox 123 3042 324 3198; x_wconf 81' lang='lat' dir='ltr'>buspublicis</span> <span class='ocrx_word' id='word_1_178' title='bbox 347 3080 557 3172; x_wconf 71' lang='lat' dir='ltr'>diceremur:</span> <span class='ocrx_word' id='word_1_179' title='bbox 577 3089 634 3165; x_wconf 93' lang='lat' dir='ltr'>sed</span> <span class='ocrx_word' id='word_1_180' title='bbox 662 3086 840 3181; x_wconf 90' lang='lat' dir='ltr'>annulum,</span> <span class='ocrx_word' id='word_1_181' title='bbox 864 3115 967 3189; x_wconf 90' lang='lat' dir='ltr'>quem</span> <span class='ocrx_word' id='word_1_182' title='bbox 992 3089 1090 3161; x_wconf 74' lang='lat' dir='ltr'>habe</span> 
     </span>
     <span class='ocr_line' id='line_1_27' title="bbox 127 3176 1090 3322; baseline -0.011 -42"><span class='ocrx_word' id='word_1_183' title='bbox 127 3227 199 3297; x_wconf 87' lang='lat' dir='ltr'>ret,</span> <span class='ocrx_word' id='word_1_184' title='bbox 220 3206 374 3305; x_wconf 88' lang='lat' dir='ltr'>pallium,</span> <span class='ocrx_word' id='word_1_185' title='bbox 396 3228 466 3304; x_wconf 89' lang='lat' dir='ltr'>quo</span> <span class='ocrx_word' id='word_1_186' title='bbox 484 3176 640 3293; x_wconf 74' lang='lat' dir='ltr'>armisius,</span> <span class='ocrx_word' id='word_1_187' title='bbox 658 3201 798 3291; x_wconf 88' lang='lat' dir='ltr'>soccos,</span> <span class='ocrx_word' id='word_1_188' title='bbox 820 3199 949 3322; x_wconf 36' lang='lat' dir='ltr'>quibus·</span> <span class='ocrx_word' id='word_1_189' title='bbox 960 3197 1090 3271; x_wconf 81' lang='lat' dir='ltr'>indutus</span> 
     </span>
     <span class='ocr_line' id='line_1_28' title="bbox 64 3305 1088 3407; baseline -0.017 -12"><span class='ocrx_word' id='word_1_190' title='bbox 64 3316 230 3407; x_wconf 73' lang='lat' dir='ltr'>rtseffet,</span> <span class='ocrx_word' id='word_1_191' title='bbox 253 3315 364 3398; x_wconf 87' lang='lat' dir='ltr'>sesua</span> <span class='ocrx_word' id='word_1_192' title='bbox 391 3339 493 3406; x_wconf 88' lang='lat' dir='ltr'>manu</span> <span class='ocrx_word' id='word_1_193' title='bbox 523 3311 712 3388; x_wconf 78' lang='lat' dir='ltr'>confecisse.</span> <span class='ocrx_word' id='word_1_194' title='bbox 763 3309 949 3384; x_wconf 86' lang='lat' dir='ltr'>Scilicet</span> <span class='ocrx_word' id='word_1_195' title='bbox 916 3308 1017 3381; x_wconf 79' lang='lat' dir='ltr'>nimis</span> <span class='ocrx_word' id='word_1_196' title='bbox 1037 3305 1088 3378; x_wconf 89' lang='lat' dir='ltr'>hic</span> 
     </span>
     <span class='ocr_line' id='line_1_29' title="bbox 126 3418 1086 3528; baseline -0.015 -27"><span class='ocrx_word' id='word_1_197' title='bbox 126 3428 263 3528; x_wconf 92' lang='lat' dir='ltr'>quidem</span> <span class='ocrx_word' id='word_1_198' title='bbox 282 3425 330 3498; x_wconf 89' lang='lat' dir='ltr'>est</span> <span class='ocrx_word' id='word_1_199' title='bbox 351 3423 561 3522; x_wconf 84' lang='lat' dir='ltr'>progressus,</span> <span class='ocrx_word' id='word_1_200' title='bbox 585 3423 641 3496; x_wconf 93' lang='lat' dir='ltr'>sed</span> <span class='ocrx_word' id='word_1_201' title='bbox 663 3447 705 3496; x_wconf 84' lang='lat' dir='ltr'>ex</span> <span class='ocrx_word' id='word_1_202' title='bbox 729 3447 772 3496; x_wconf 91' lang='lat' dir='ltr'>eo</span> <span class='ocrx_word' id='word_1_203' title='bbox 793 3421 866 3519; x_wconf 88' lang='lat' dir='ltr'>ipso</span> <span class='ocrx_word' id='word_1_204' title='bbox 888 3419 937 3492; x_wconf 85' lang='lat' dir='ltr'>est</span> <span class='ocrx_word' id='word_1_205' title='bbox 957 3418 1086 3494; x_wconf 87' lang='lat' dir='ltr'>coniec-</span> 
     </span>
     <span class='ocr_line' id='line_1_30' title="bbox 126 3531 1085 3633; baseline -0.013 -20"><span class='ocrx_word' id='word_1_206' title='bbox 126 3557 203 3613; x_wconf 83' lang='lat' dir='ltr'>tura</span> <span class='ocrx_word' id='word_1_207' title='bbox 222 3533 346 3628; x_wconf 85' lang='lat' dir='ltr'>facilis,</span> <span class='ocrx_word' id='word_1_208' title='bbox 366 3553 531 3633; x_wconf 87' lang='lat' dir='ltr'>quantum</span> <span class='ocrx_word' id='word_1_209' title='bbox 553 3534 612 3607; x_wconf 86' lang='lat' dir='ltr'>stbi</span> <span class='ocrx_word' id='word_1_210' title='bbox 624 3534 671 3607; x_wconf 91' lang='lat' dir='ltr'>illi</span> <span class='ocrx_word' id='word_1_211' title='bbox 684 3534 745 3633; x_wconf 85' lang='lat' dir='ltr'>ipsr</span> <span class='ocrx_word' id='word_1_212' title='bbox 758 3550 912 3608; x_wconf 85' lang='lat' dir='ltr'>oratores</span> <span class='ocrx_word' id='word_1_213' title='bbox 933 3531 976 3604; x_wconf 89' lang='lat' dir='ltr'>de</span> <span class='ocrx_word' id='word_1_214' title='bbox 993 3554 1085 3630; x_wconf 89' lang='lat' dir='ltr'>prae-</span> 
     </span>
     <span class='ocr_line' id='line_1_31' title="bbox 94 3643 1087 3746; baseline -0.014 -21"><span class='ocrx_word' id='word_1_215' title='bbox 94 3740 96 3743; x_wconf 18' lang='lat'><em>·</em></span> <span class='ocrx_word' id='word_1_216' title='bbox 127 3647 307 3725; x_wconf 79' lang='lat' dir='ltr'>clarissumis</span> <span class='ocrx_word' id='word_1_217' title='bbox 330 3648 459 3721; x_wconf 77' lang='lat' dir='ltr'>&#39;artibus</span> <span class='ocrx_word' id='word_1_218' title='bbox 489 3646 710 3746; x_wconf 85' lang='lat' dir='ltr'>appetierint,</span> <span class='ocrx_word' id='word_1_219' title='bbox 735 3645 796 3744; x_wconf 92' lang='lat' dir='ltr'>qui</span> <span class='ocrx_word' id='word_1_220' title='bbox 822 3669 867 3718; x_wconf 91' lang='lat' dir='ltr'>ne</span> <span class='ocrx_word' id='word_1_221' title='bbox 887 3643 1087 3718; x_wconf 82' lang='lat' dir='ltr'>sordidiores·</span> 
     </span>
     <span class='ocr_line' id='line_1_32' title="bbox 129 3746 1085 3859; baseline -0.005 -26"><span class='ocrx_word' id='word_1_222' title='bbox 129 3760 265 3859; x_wconf 78' lang='lat' dir='ltr'>quidem</span> <span class='ocrx_word' id='word_1_223' title='bbox 287 3758 498 3859; x_wconf 84' lang='lat' dir='ltr'>repudiarint.</span> <span class='ocrx_word' id='word_1_224' title='bbox 532 3756 625 3852; x_wconf 84' lang='lat' dir='ltr'>Quid</span> <span class='ocrx_word' id='word_1_225' title='bbox 642 3756 684 3831; x_wconf 91' lang='lat' dir='ltr'>de</span> <span class='ocrx_word' id='word_1_226' title='bbox 707 3749 852 3831; x_wconf 88' lang='lat' dir='ltr'>Prodico</span> <span class='ocrx_word' id='word_1_227' title='bbox 865 3753 983 3830; x_wconf 69' lang='lat' dir='ltr'>Chio?</span> <span class='ocrx_word' id='word_1_228' title='bbox 1011 3746 1085 3851; x_wconf 69' lang='lat' dir='ltr'>quid</span> 
     </span>
    </p>
   </div>
   <div class='ocr_carea' id='block_1_3' title="bbox 0 0 1159 4304">
    <p class='ocr_par' dir='ltr' id='par_1_3' title="bbox 0 0 1159 4304">
     <span class='ocr_line' id='line_1_33' title="bbox 0 0 1159 4304; baseline 0 0"><span class='ocrx_word' id='word_1_229' title='bbox 0 0 1159 4304; x_wconf 95' lang='lat' dir='ltr'> </span> 
     </span>
    </p>
   </div>
  </div>
 </body>
</html>
