2302 4304
150 282 275 355 108'
384 263 955 357 uuonnro'ne
1084 368 1132 387 Μ

145 445 275 542 religo,
289 469 372 542 quae
385 444 460 543 ipsi,
476 446 535 543 qui
546 445 754 543 scripserunt,
770 445 950 529 voluerunt
966 445 1103 545 avulgo

95 568 124 622 ιι
144 553 291 655 intelligi:
317 557 351 627 in
363 557 578 655 philosophos
590 552 717 632 vestros
729 557 753 630 si
766 558 1034 656 quandoffincidi',
1048 560 1102 631 de·

145 681 256 761 ceptus
269 665 430 739 indicibus
439 665 718 773 librorum4q110d
729 665 802 739 sunt
813 664 881 738 fere
900 665 1049 763 inscripti
1061 659 1102 739 de

27 804 30 806 ’
142 777 241 849 rebus
251 795 338 851 notis
350 795 383 850 et
390 776 574 868 illustribus,
586 778 628 851 de
640 778 775 865 virtute,
787 779 827 850 de
840 776 971 868 iustitia,
985 779 1026 851 de
1034 777 1100 850 ho-
1116 864 1123 885 Ι

144 886 282 1007 nesure,
308 889 349 961 de
363 889 549 986 voluptate,
574 889 714 963 verbum
725 888 856 987 prorsus
870 890 995 968 nullum
1008 889 1102 962 intel·
1116 890 1118 895 ’

142 976 239 1092 ligoz'
259 998 304 1068 ita
329 996 402 1068 sunt
431 942 571 1095 angustis
599 1016 631 1070 et
657 998 794 1072 concisis
826 999 1106 1098 disputationibus

53 1124 62 1137 ‘
142 1106 272 1206 illigari*
299 1111 414 1182 Poetas
441 1110 581 1182 omnino
590 1110 716 1210 ,quast
737 1112 799 1183 alia
822 1111 963 1208 quadam
993 1111 1102 1211 lingua
1143 1148 1145 1152 ¹

143 1218 293 1308 locutos,
323 1243 393 1290 non
425 1244 532 1291 conor
563 1222 733 1318 attingere,
768 1246 845 1312 cum
871 1221 922 1294 his
952 1247 1008 1295 me
1047 1220 1103 1320 (ut

144 1329 242 1428 dixi)
270 1332 423 1423 obledlo,
452 1335 509 1431 qui
541 1360 592 1408 res
616 1333 738 1432 gestas,
765 1350 820 1405 aut
847 1333 904 1431 qui
934 1334 1103 1407 orationes

22 1492 25 1498 ·
142 1441 335 1537 scripserunt
353 1444 445 1534 suas,
467 1463 522 1517 aut
539 1447 598 1571 qui
619 1445 663 1516 ita
688 1444 886 1543 loquuntur,
906 1462 943 1517 ut
963 1445 1102 1518 videan-

29 1577 31 1583 ·
142 1568 196 1624 tur
224 1554 363 1627 voluisse
400 1558 497 1629 nobis
506 1557 601 1654 ,qui
628 1583 698 1630 non
729 1557 838 1630 sumus
870 1555 1102 1647 eruditiffimi

60 1674 122 1756 15
142 1660 205 1732 esse
227 1661 416 1738 familiares.
447 1666 513 1737 Sed
541 1664 618 1738 illuc
647 1664 759 1738 redeo.
799 1664 971 1737 Videtisne
980 1669 1100 1763 ‚·'quan

94 1777 126 1826 ⁶²
112 1789 212 1846 ²tum
231 1801 350 1850 munus
367 1775 405 1848 fit
427 1778 567 1850 oratoris
585 1774 740 1849 historia?
765 1775 853 1846 haud
872 1775 952 1866 scio,
972 1801 1015 1848 an
1039 1775 1101 1850 flu-

69 1910 77 1925 ·
141 1885 230 1956 mine
251 1887 426 1978 orationis,
439 1906 471 1960 et
483 1889 639 1962 varietate
660 1886 853 1958 maximum.
873 1910 980 1983 neque
994 1903 1102 1959 tamen
1117 1900 1121 1907 '
1137 1896 1145 1925 ·'

58 2002 65 2015 “
141 2022 214 2068 eam
240 2000 371 2094 reperio
402 1999 539 2096 usquam
561 1999 734 2096 separatim
768 1996 955 2070 instrudlam
983 1999 1123 2072 rheto-⁴

141 2135 216 2182 rum
236 2112 426 2208 praeceptis.
454 2110 511 2182 sita
533 2110 607 2182 sunt
630 2108 720 2180 enim
745 2127 820 2182 ante
849 2110 976 2185 oculos
1015 2113 1101 2185 Nam

141 2246 215 2318 quis
227 2221 511 2321 nesc1t‚primam
538 2221 602 2294 esse
625 2220 778 2294 historiae
804 2203 933 2348 legem,
955 2250 998 2297 ne
1021 2226 1105 2324 quid

73 2345 76 2350 ’
141 2328 210 2401 salsi
230 2330 338 2407 dicere
356 2331 510 2404 audeat?
540 2331 659 2404 deinde
684 2333 829 2430 nequid
854 2335 928 2408 veri
955 2358 1031 2409 non
1047 2361 1104 2407 au·

131 2439 241 2514 *deatl
268 2467 310 2514 ne
336 2467 402 2540 qua
424 2441 562 2539 suspicio
592 2441 710 2538 gratiae
732 2440 802 2513 fit
792 2468 827 2512 in
845 2441 1021 2517 scribendo
1036 2443 1097 2517 l
1064 2468 1106 2517 ne

91 2563 126 2642 ⁶3
142 2577 207 2650 qua
229 2549 415 2623 simultatis?
446 2553 537 2624 Haec
555 2549 676 2622 scilicet
696 2549 907 2624 fundamenta
931 2569 1013 2624 nota
1034 2553 1124 2634 sunt

141 2665 307 2738 omnihus.
335 2664 406 2761 Ipsa
430 2680 539 2734 autem
561 2662 791 2757 exaedificatio
817 2664 921 2761 posrta
942 2663 1041 2736 estin
1058 2688 1119 2738 re·'

142 2773 219 2859 bur,
249 2787 283 2841 et
308 2770 430 2842 verbis.
460 2772 585 2842 Rerum
617 2771 702 2842 ratio
729 2772 883 2845 ordinem
913 2782 1106 2871 temporum

142 2880 320 2970 defiderat,
359 2881 534 2978 regionum
570 2880 849 2977 descriptionem:
875 2883 949 2959 vult
979 2884 1108 2975 etiam,

142 2991 302 3090 quoniam
327 2990 362 3062 in
375 2989 486 3062 rebus
507 2989 635 3087 magnis
653 2991 878 3088 memoriaque
898 2992 1005 3091 dignis
1024 3018 1108 3068 con·

92 3094 95 3099 ’
142 3101 209 3190 silit¹
229 3102 397 3201 primum,¹
417 3102 536 3174 deinde
558 3103 646 3191 ada,
681 3101 794 3199 postea
813 3121 951 3177 eventus
971 3093 1109 3202 exspec-

143 3230 269 3304 tantur,
294 3213 381 3286 etde
409 3210 549 3286 consiliis
567 3202 741 3310 fignificari
761 3213 843 3310 quid
863 3213 1002 3310 scriptor
1024 3238 1109 3311 pro·

68 3399 72 3406 ,
144 3321 218 3408 bet,
243 3321 331 3393 etin
358 3322 455 3394 rebus
481 3318 574 3420 gestis
601 3321 779 3409 declarari,
805 3322 874 3391 non
891 3320 1006 3393 solum
1023 3322 1109 3419 quid

144 3430 253 3502 altum
274 3446 329 3500 aut
350 3428 548 3519 didlum'sit,
564 3429 619 3502 sed
638 3430 736 3500 etiam
753 3429 949 3525 quomodo:
975 3446 1008 3500 et
1027 3455 1108 3509 cum

82 3629 84 3631 ‚
145 3545 187 3617 de
213 3560 337 3618 eventu
350 3544 510 3636 dicanrr,
536 3561 575 3615 ut
601 3543 713 3615 causae
732 3542 935 3638 explicentur
961 3565 1109 3633 omnes,

34 3687 36 3690 ·
84 3695 85 3698 ¹
145 3657 200 3731 vel
226 3654 337 3745 casus‚
368 3656 423 3729 vel
449 3655 643 3753 sapientiae,
668 3656 723 3729 vel
749 3655 963 3744 temeritatis:
992 3653 1127 3728 honriw

136 3750 290 3870 -numqire
315 3766 464 3868 ipsorum
493 3792 566 3871 non
591 3767 697 3845 solum
728 3793 779 3841 res
805 3765 931 3904 gestae,
957 3766 1015 3859 sed
1044 3768 1109 3842 ιιι·Ι
