2302 4304
149 303 192 386 54
366 280 879 402 ,oaonnrouu
986 375 988 378 y

146 443 332 535 succurrat,
351 445 456 545 aegris
474 447 815 535 medeatur,afflidlos
840 446 981 535 excitet3
1008 448 1101 520 hunc

38 628 40 633 .
142 554 179 627 in
200 555 344 628 minimis
371 557 625 656 tenuiffimisque
656 558 752 630 rebus
782 557 828 630 ita
849 558 939 646 labi,
966 580 1002 632 ut
1029 558 1102 630 aliis

53 711 56 717 ·
80 696 126 746 uo
141 667 360 760 miserandus,
374 669 443 743 aliis
458 671 642 747 irridendus
656 671 720 743 elle
734 671 885 747 videatur
900 670 914 742 l
936 671 1102 769 Equidem
1138 693 1141 701 ’

141 781 368 879 propinquum
382 781 548 872 nostrum,
569 786 607 855 Ρ.
619 783 792 874 Crallum,
811 784 902 856 illum
915 784 1071 881 Divitem
1086 839 1100 875 ,

140 908 217 960 cum
226 890 336 963 miltis
344 890 413 962 aliis
420 888 456 964 in
470 890 565 962 rebus
574 890 756 987 elegantem
770 890 941 964 hominem
954 915 987 964 et
999 917 1102 964 orna-

40 1079 42 1084 ,
74 1056 80 1067 .
139 1013 234 1085 tum,
265 1020 336 1073 tum
370 997 546 1095 praecipue
578 999 614 1070 in
649 999 717 1072 hoc
756 999 933 1073 ferendum
963 1020 997 1074 et
1029 1001 1102 1074 lau·

138 1109 283 1192 dandum
322 1132 428 1205 puto,
463 1111 577 1207 quod,¹
604 1136 680 1183 cum
721 1113 756 1183 P.
789 1112 967 1184 Scaevolae
994 1110 1100 1185 frater

139 1220 231 1309 effer,
261 1218 433 1292 solimsest
446 1219 478 1292 ei
498 1213 653 1318 persaepe
673 1221 803 1312 dicere,
827 1247 935 1318 neque
946 1221 1055 1320 ,illum
1066 1223 1102 1296 in

136 1330 210 1408 iure
235 1333 326 1406 civili
362 1333 436 1407 satis
468 1332 543 1432 [illi
571 1335 659 1433 arti]
684 1334 793 1407 facere
814 1334 933 1432 polle,
957 1333 1018 1406 nifi
1045 1335 1101 1407 di-

137 1442 236 1516 cendi
261 1442 394 1540 copiam
417 1445 631 1519 allumsrllet:
661 1443 773 1544 (quod
794 1445 930 1544 quidem
942 1445 1019 1532 hic,
1040 1445 1101 1545 qui

85 1600 93 1619 .
137 1575 269 1657 mecum
292 1551 407 1624 consul
432 1553 517 1644 fuit,
549 1540 634 1628 filius
660 1551 753 1644 eius,
778 1552 825 1625 est
848 1551 1043 1628 consecutus
1058 1551 1098 1652 :)

136 1683 244 1756 neque
273 1658 305 1730 se
337 1683 422 1734 anre·
435 1657 545 1733 causas
567 1659 752 1734 amicorum
779 1659 917 1749 tranare
945 1678 1044 1754 atque
1062 1679 1101 1729 aa

73 1812 117 1861 171
136 1796 213 1868 gere
226 1771 498 1868 coepiffe,quam
522 1771 571 1842 ius
584 1768 683 1865 civile
703 1765 875 1840 didiciffet.
902 1767 997 1860 Quid
1008 1765 1097 1841 vero

134 1881 188 1953 ille
204 1885 263 1970 M.
294 1880 410 1953 Cato?
445 1903 559 1954 nonne
596 1897 630 1952 et
661 1877 849 1974 eloquentia
885 1894 977 1948 tanta
1008 1874 1098 1968 fuit,

37 2044 43 2056 .
135 2016 291 2099 quantam
319 1991 373 2063 illa
395 2005 573 2087 tempora,
594 2012 693 2086 arque
717 1988 876 2072 illaaetas
903 1987 938 2059 in
960 1987 1022 2060 hac
1048 1989 1097 2063 ci·

135 2105 239 2191 vitate
262 2101 349 2175 ferre
367 2100 545 2174 maximam
567 2101 677 2197 potuit
690 2121 760 2190 ‚et
786 2099 865 2189 iuris
887 2098 995 2172 civilis
1017 2126 1097 2173 om·

135 2214 228 2291 nium
251 2209 489 2309 peritifftmusl
529 2210 758 2285 Verecundius
783 2210 847 2305 lrac
883 2209 924 2280 de
945 2233 981 2280 re
1008 2210 1096 2312 iarn-

45 2402 47 2408 ,
136 2326 260 2399 dudum
272 2326 421 2423 loquor,
434 2323 527 2421 quod
545 2321 633 2411 adest
650 2324 705 2397 vir
719 2322 754 2394 in
769 2320 910 2396 dicendo
924 2318 1096 2410 stnnmus,

135 2461 236 2534 quem
253 2462 317 2535 ego
349 2459 452 2530 unum
475 2452 645 2510 oratorem
668 2432 814 2506 maxime
835 2431 1010 2526 admiror,
1038 2431 1102 2504 sed:

70 2550 119 2623 ¹72
136 2565 246 2625 tamen
267 2545 356 2616 idem
377 2539 445 2620 hoc
463 2543 591 2642 semper
612 2544 663 2617 ius
688 2537 1000 2637 civilefflcontemfit.
1021 2545 1095 2614 Ve-
1137 2564 1140 2569 ·

47 2680 49 2685 ·
134 2654 234 2743 rum,
259 2647 418 2749 quoniam
454 2652 631 2729 sententiae
662 2677 762 2750 atque
797 2651 967 2748 opinionis
999 2677 1094 2726 meae

133 2761 283 2840 voluistis
303 2761 368 2832 elle
390 2760 590 2857 participes,
612 2761 694 2833 nihil
717 2761 896 2839 occultabo
910 2815 922 2851 ,
935 2779 968 2834 et
981 2762 1103 2865 quoad*

115 2884 117 2895 '
133 2891 255 2969 potero
268 2925 280 2963 ‚
293 2869 395 2947 vobis
408 2895 592 2966 exponam,
606 2869 687 2967 quid
700 2871 740 2944 de
754 2896 884 2970 quaque
897 2896 932 2943 re
946 2870 1095 2963 sentiam,

67 2999 114 3076 38
145 3050 148 3061 .
181 2979 322 3056 Antonii
338 2978 537 3053 incredibilis
551 2976 736 3074 quaedam,
759 2996 794 3050 et
802 3001 908 3074 prope
923 2975 1093 3075 singularis

111 3105 166 3168 ‘et
191 3092 304 3168 divina
333 3093 385 3188 vis
402 3091 527 3190 ingenii
543 3091 702 3180 videtur,
740 3089 863 3164 etiamsi
883 3090 944 3162 hac
958 3087 1093 3165 scientia

48 3282 51 3295 ,
80 3267 82 3271 s
130 3198 210 3275 iuris
224 3203 343 3277 nudata
355 3202 411 3291 lit,
434 3201 528 3300 polle
541 3201 573 3273 se
587 3200 682 3274 facile
700 3198 816 3276 ceteris
829 3198 928 3273 armis
942 3200 1091 3297 pruden-

131 3304 196 3409 tiae
219 3308 304 3381 tueri
316 3328 416 3408 atque
427 3307 614 3381 defendere.
637 3307 855 3407 quamobrem
869 3306 924 3384 hic
938 3306 1038 3382 nobis
1050 3306 1090 3381 fit

130 3438 287 3513 exceptus
301 3416 463 3490 :ceteros
477 3442 562 3492 vero
577 3444 646 3491 non
669 3416 826 3490 dubitabo
838 3415 984 3514 primum
997 3415 1090 3490 iner-

127 3522 192 3601 tiae
211 3524 431 3608 condemnare
455 3524 612 3599 sententia
637 3550 734 3615 mea,
764 3524 838 3622 post
859 3524 958 3599 etiam
979 3522 1092 3620 impu-

16 3670 18 3677 ·
63 3661 108 3714 ¹73
129 3634 289 3743 dentiae.²
305 3633 392 3705 Nam
413 3633 556 3713 volitare
575 3634 610 3705 in
627 3632 732 3724 foro,
757 3635 890 3709 haerere
907 3633 943 3704 in
965 3633 1037 3705 iure
1050 3659 1091 3708 ac

85 3785 86 3788 κ
128 3767 320 3845 praetorum
334 3743 578 3840 tribunalibus,
601 3745 720 3844 iudicia
738 3747 873 3847 privata
892 3769 1090 3850 magnarum

64 3966 139 4066 Ι,
