2302 4304
148 312 219 396 ²70
364 297 455 375 DE
501 290 877 375 ORATORE

144 459 417 548 circumferantr,
448 478 486 536 ut
506 462 640 536 accedat
657 461 698 534 ad
725 463 870 535 brumale
894 461 1052 562 signum,
1077 479 1114 554 et

143 567 222 641 inde
244 569 359 643 sensim
386 569 537 651 ascendat
556 573 766 649 indiversam
794 592 946 671 parrem;
972 595 1013 650 ut
1032 579 1108 653 luna

142 683 272 757 accessu
282 703 316 758 et
328 684 453 758 recessu
463 683 523 757 suo
541 684 617 759 solis
629 685 741 759 lumen
755 685 921 782 accipiat;
937 704 975 758 ut
993 689 1104 762 eadem

141 795 245 892 spatia
258 797 405 895 quinque
423 795 529 871 stellae
544 797 663 896 dispari
678 818 774 872 motu
787 848 800 888 ,
814 799 978 898 cursuque
1001 802 1103 875 consi·

78 926 125 980 ¹79
142 909 240 982 ciant.
256 910 346 982 Haec
358 927 481 982 tantam
497 909 618 982 habent
629 908 720 1000 vim,
732 929 771 983 ut
783 912 917 1007 paulum
935 914 1098 989 immutata

142 1020 318 1093 cohaerere
341 1046 410 1093 non
434 1020 578 1118 possuit:
603 1039 726 1094 tantam
752 1018 1051 1120 puldrritudinem,
1066 1042 1097 1098 ut

66 1214 68 1219 ,
141 1131 228 1202 nulla
253 1131 376 1234 species
392 1157 434 1204 ne
455 1132 637 1230 excogitari
659 1132 794 1227 quidem
819 1133 920 1228 poffit
946 1136 1094 1210 ornatior.

142 1241 275 1316 Referte
293 1267 382 1315 nunc
398 1243 545 1314 animum
558 1244 599 1313 ad
613 1241 786 1313 hominum
795 1296 807 1333 ,
823 1241 878 1317 vel
896 1246 999 1317 etiam
1018 1271 1091 1319 cete·

140 1377 254 1426 rarum
267 1352 480 1429 animantium
494 1351 637 1425 sormam
659 1375 693 1425 et
712 1348 861 1450 liguram.
882 1353 1009 1426 nullam
1026 1381 1090 1451 par·

139 1479 207 1534 tem
228 1463 380 1560 corporis
394 1462 458 1534 stne
468 1465 573 1562 aliqua
593 1461 774 1536 neceffitate
792 1461 957 1550 allidam,
980 1483 1090 1539 totam·

137 1592 203 1667 que
220 1569 365 1642 formam
397 1571 485 1671 quasi
508 1569 685 1669 persedam
712 1564 883 1666 reperietis
904 1589 1001 1661 arte,
1032 1597 1088 1644 non

71 1685 119 1776 46
138 1679 224 1754 casu.
273 1680 367 1775 Quid
387 1682 422 1754 in
450 1682 640 1770 arboribus,
666 1680 701 1751 in
726 1677 845 1777 quibus
868 1701 939 1749 non
954 1697 1088 1763 truncus,

136 1813 208 1861 non
224 1790 332 1883 rami,
358 1780 427 1866 nori
441 1790 519 1864 solia
535 1791 607 1864 sunt
619 1787 781 1887 denique,
809 1787 868 1860 nisi
885 1789 934 1888 ad
950 1788 1039 1861 suam
1050 1814 1088 1861 rc·

134 1896 302 1970 tinendam
325 1900 649 1998 conservandamque
664 1895 842 1970 naturam?
868 1897 1030 1995 nusquam
1049 1920 1088 1971 ra·

71 2001 117 2053 ¹⁸0
135 2027 213 2077 men
226 2004 273 2078 esl
285 2005 348 2093 ulla
364 2031 466 2103 pars,
493 2006 552 2079 nisi
578 2006 723 2080 venusta.
773 2007 975 2104 Linquamus
1003 2028 1087 2112 nant·

132 2136 226 2203 ram,
253 2115 401 2216 artesque
414 2117 595 2191 videamus.
647 2119 740 2211 Quid
752 2135 819 2190 tam
832 2119 869 2188 in
882 2119 1022 2217 navigio
1035 2146 1086 2192 ne·

132 2223 329 2317 cessarium,
361 2249 461 2324 quam
482 2227 607 2317 latera,
637 2252 735 2326 quam
768 2251 958 2316 cavernae,
997 2252 1087 2326 quam

130 2361 252 2435 prora,
272 2365 371 2439 quam
386 2339 529 2438 puppis,
550 2366 650 2439 quam
671 2361 858 2426 antemnae,
883 2361 985 2435 quam
1000 2339 1086 2426 vela,

129 2473 232 2546 quam
265 2449 373 2525 malli
415 2477 500 2552 quae
528 2438 645 2526 ntamen
684 2451 767 2522 hanc
802 2448 926 2520 habent
953 2446 989 2518 in
1018 2448 1086 2545 spe·

131 2558 183 2630 cie
209 2558 438 2649 venustatem,
461 2579 589 2634 utnon
615 2558 721 2632 solum
746 2555 875 2645 salutis,
905 2555 960 2628 sed
995 2557 1085 2628 etiam

33 2658 37 2667 ¹
129 2664 308 2766 voluptatis
334 2668 453 2763 causa,
478 2671 611 2745 inventa
629 2667 695 2740 elle
721 2665 904 2739 videantur.
943 2663 1084 2737 Colum-

126 2798 191 2848 nae
221 2794 254 2849 et
278 2776 400 2874 templa
433 2780 466 2850 et
493 2777 643 2874 porticus
674 2772 855 2849 sustinent:
884 2795 998 2846 tamen
1033 2774 1084 2846 ha·

126 2883 206 2960 bent
219 2909 288 2958 non
304 2883 377 2984 plus
390 2885 555 2974 utilitatis,
581 2909 682 2983 quam
705 2884 879 2982 dignitatis.
929 2882 1084 2980 Capitolii

115 2990 289 3098 fastigium
314 2998 417 3090 illud,
443 3013 476 3068 et
494 3015 676 3068 ceterarum
704 2994 862 3084 aedium,
890 3014 962 3079 non
979 3018 1083 3067 venu-

126 3105 212 3203 slas,
233 3111 288 3188 sed
308 3110 474 3186 necessitas
495 3111 562 3208 ipsa
579 3107 736 3183 fabricata
760 3108 814 3182 est
842 3109 920 3178 nam
948 3132 1025 3198 cum
1040 3105 1084 3179 es·

124 3217 173 3294 set
196 3223 306 3296 habita
331 3224 447 3313 ratio,
479 3222 760 3321 quemadmodum
782 3243 824 3292 ex
848 3238 991 3317 utraque
1010 3215 1082 3292 seui

125 3350 219 3427 parte
251 3358 335 3433 aqua
357 3332 584 3420 delaberettu3
607 3331 779 3404 utilitatem
805 3327 941 3427 templi,
968 3325 1082 3426 sasligii

32 3465 35 3469 ’
124 3436 264 3535 dignitas
284 3438 457 3510 consecuta
480 3437 547 3511 est:
574 3454 634 3523 ut,
660 3437 785 3510 etiamsi
808 3436 843 3507 in
858 3435 956 3508 coelo
969 3433 1080 3506 stante·

122 3566 231 3638 amru,
263 3548 321 3621 ubi
338 3548 447 3620 imber
458 3549 522 3622 esse
542 3574 611 3623 non
630 3550 754 3647 posset,
779 3548 902 3622 nullam
914 3542 1086 3620 fine-fam

61 3689 105 3742 ,31
123 3657 181 3753 gio
208 3658 401 3757 dignitatern
426 3660 613 3733 habiturum
634 3661 699 3734 effe
732 3661 894 3736 videatur.
945 3661 1024 3733 Hoc
1047 3657 1078 3730 in

122 3769 278 3846 omuibus
293 3770 374 3846 item
397 3771 542 3868 partibus
556 3772 717 3852 orationis
739 3773 877 3865 evenit,
899 3787 941 3853 ut,
963 3768 1077 3846 utilita·
