2304 4304
179 204 185 245 i

377 296 599 372 tiaran
647 300 700 371 11.
941 292 1009 399 15‘9

49 456 342 538 rummiserianm
361 462 512 559 ‘graviter
537 462 768 559 accipiuntur‚‘
804 457 828 531 sr
855 459 1011 536 dicuntur

51 568 228 659 dolenter,
254 584 324 641 tum
338 570 479 659 afflicta,
511 586 544 641 et
560 568 719 665 prostrata
735 568 841 643 virtus
865 574 1012 647 maxime

12 718 14 741 .
51 678 197 752 Ιιιᾶυοίε
212 676 281 765 est;
302 695 351 767 et,
376 695 414 749 ut
435 677 488 748 illa
506 677 604 753 altera
629 702 704 776 pars
722 678 906 769 orationis,
927 706 1013 778 quae

53 786 225 882 probitatis
239 784 551 876 commendatione,
570 785 653 859 boni
674 785 743 858 viri
755 785 854 858 debet
871 786 1013 885 speciem

54 894 161 983 tueri,
186 893 268 965 lenis
292 890 347 992 (ut
368 891 461 989 saepe
486 892 554 964 iam
580 891 666 992 dixi)
701 890 799 991 atque
826 893 1014 984 summiffa3

54 1005 97 1079 fic
109 1007 213 1095 haec,
238 1028 322 1103 quae
339 1003 509 1100 suscipitur
529 1003 571 1094 ab
597 1004 794 1089 oratoread
806 1022 1017 1079 commutan-

53 1120 117 1192 dos
131 1119 262 1192 animos
285 1135 382 1216 atque
400 1118 495 1191 omni
510 1109 654 1191 ratione'
666 1117 868 1213 dedendos,
891 1121 1016 1195 intenta

55 1255 93 1303 ac
120 1230 301 1303 vehemens
321 1228 386 1302 esse
415 1229 523 1302 deber.
572 1229 637 1302 Sed
663 1228 888 1330 est'quaedant
907 1233 1023 1307 inhio
1037 1254 1078 1334 53
1122 1226 1126 1235 ¹

56 1339 188 1412 duobus
213 1338 406 1438 generibus,
434 1364 578 1438 quorum
598 1332 736 1412 alterurn
760 1340 851 1433 lene,
876 1342 1016 1445 alterum
1034 1368 1082 1404 212

57 1451 236 1525 vehemens
249 1450 314 1524 effe
328 1452 505 1544 volumus,
531 1452 673 1527 difficilis
685 1453 727 1524 ad
751 1453 1015 1555 distinguendum

55 1565 245 1642 fimilitudo.
293 1571 381 1642 Nam
406 1592 450 1641 ex
467 1568 520 1640 iila
531 1570 687 1658 lenitate,
716 1594 782 1667 qua
801 1571 1016 1645 conciliamur

56 1678 111 1771 iis,
136 1678 197 1777 qui
210 1679 363 1773 audiunt,
385 1679 428 1750 ad
435 1677 521 1751 hanc
535 1680 608 1754 vim
622 1679 839 1768 acerrimam,
864 1704 929 1777 qua
941 1704 1018 1751 eos·

56 1792 133 1862 dem
156 1791 359 1884 excitamus,
386 1791 503 1864 influat
515 1807 649 1887 oportet
673 1790 821 1887 aliquid,
854 1792 1018 1865 etexhac

58 1902 350 2001 vinonnunquarn
370 1900 472 1972 animi
490 1897 614 1997 aliquid
634 1895 816 1970 inflandum
834 1895 880 1970 est
894 1896 947 1970 'illi
969 1899 1019 1971 le·

12 2074 16 2103 ,
58 2013 167 2084 nitati:
193 2036 301 2111 neque
310 2012 356 2086 ed
374 2012 438 2085 ulla
460 2010 672 2108 temperatior
690 2010 817 2101 oratio,
842 2011 1020 2109 plautilla,

12 2106 15 2183 ἶ
58 2121 172 2220 inqua
195 2124 346 2222 asperitas
367 2122 589 2199 contentionis
612 2122 754 2194 oratoris
785 2120 883 2219 ipsius
903 2122 1020 2195 huma·

10 2238 13 2331 ξ
58 2235 161 2307 nitate
184 2235 366 2322 conditum
398 2233 543 2306 remiffio
571 2233 845 2337 auternlenitatis
879 2233 1032 2331 quadam

21 2431 25 2439 p
58 2342 490 2440 gravitateetcontentione
502 2340 662 2412 firmatur.
710 2344 899 2437 Inutroque
912 2361 1022 2413 autem

59 2474 179 2547 genere
197 2449 355 2540 dicendi,
380 2430 519 2539 crido,
552 2451 588 2520 in
614 2472 686 2546 quo
710 2449 1024 2546 vitatqueconten·

60 2559 109 2630 tio
129 2559 298 2658 quaeriurr
312 2615 324 2651 ‚
340 2579 378 2655 ‘et
397 2560 485 2653 hoc,
508 2560 602 2658 quod
616 2558 658 2630 ad
678 2560 783 2633 vitam
802 2577 836 2632 et
847 2585 958 2634 mores
971 2585 1024 2634 ac·

59 2671 315 2773 commodatur,
329 2688 375 2743 ·et
388 2667 552 2768 principia
568 2669 662 2743 tarda
688 2669 786 2756 sunt,
809 2672 960 2745 etexitus
970 2688 1023 2743 ta·

60 2770 140 2851 rnen
156 2780 242 2878 spiffi
264 2802 298 2854 er
318 2782 473 2879 producti
485 2779 549 2853 effe
564 2781 695 2854 debent.
745 2782 832 2854 Nam
854 2807 963 2880 neque
975 2780 1026 2854 as-

58 2889 231 2962 sdiendum
246 2891 352 2965 statim
379 2890 426 2962 est
451 2893 494 2964 ad
519 2890 599 2964 illud
618 2917 719 2989 genus
736 2892 898 2965 orationis
912 2891 1026 2990 <abest

60 3001 151 3071 enirn
165 3018 275 3074 toturn
293 3027 314 3073 a
329 3001 447 3092 causa,
473 3019 506 3072 et
527 3002 682 3074 homines
695 3003 784 3099 prius
800 3002 907 3099 ipsum
930 3003 1027 3091 illud,-

58 3109 156 3206 quod
175 3111 353 3208 proprium
373 3109 421 3183 sui
449 3109 566 3183 iudicii
591 3107 658 3200 est,
682 3109 796 3185 audite
816 3108 1025 3208 desiderant)

56 3243 152 3309 nec,
172 3244 250 3291 cum
268 3219 304 3290 in
324 3242 397 3289 earn
413 3219 576 3291 rationem
602 3216 759 3314 ingressus
785 3216 850 3306 fis,
879 3216 1027 3289 celeriter

1041 2374 1086 2426 2¹3

59 3327 299 3402 discedendum
322 3327 378 3403 est.
442 3331 523 3404 Non
545 3328 657 3418 enirn,
690 3329 771 3401 dicut
799 3347 1026 3427 argumentum
1042 3362 1075 3398 ar

61 3439 158 3515 simul
182 3456 280 3539 atque
297 3439 442 3539 positum
464 3439 533 3531 est,
569 3439 747 3536 arripitur,
771 3441 971 3537 alterumque
993 3448 1032 3510 et'
1144 3476 1147 3481 ·

62 3549 198 3622 tertium
217 3549 387 3647 poscitum
414 3549 459 3621 ita
474 3547 754 3640 misericordiam,
771 3568 829 3622 aut
847 3549 1026 3635 invidiam,

63 3678 123 3731 aut
145 3659 375 3751 iraciutdiam,
398 3657 492 3732 fimul
514 3677 613 3757 atque
629 3657 796 3748 inntens,
817 3656 917 3753 poffis
929 3677 1026 3731 corne

64 3792 216 3847 movere.
264 3771 506 3869 Argumentum
530 3770 621 3852 etum
636 3767 722 3844 ratio
744 3768 815 3885 ipsa
826 3764 1027 3865 contina,
