2304 4304
426 188 650 258 ιιιιΕ-ιι
699 189 724 258 ι
1016 210 1060 287 5,

68 366 152 421 toto
168 346 260 420 foro
279 401 294 441 ,
313 347 508 446 praesidium
529 347 718 437 clientibus,
744 367 840 444 atque
861 371 962 445 opem
976 350 1061 421 ami·

64 457 117 529 cis
137 511 154 548 ,
178 478 219 530 et
243 483 350 555 prope
369 456 493 530 cundis
505 448 634 529 civibus
649 456 755 528 lucem
770 456 891 554 ingenii
908 477 941 531 et
955 459 1058 533 confi·

60 571 104 640 lii
142 571 199 644 sui
214 575 444 679 porrigentem
458 595 555 671 atque
570 573 785 661 tendentem,
809 595 920 642 nonne
939 570 1056 666 inpri-

57 679 137 750 mis
153 679 366 806 flagitiosum
380 683 560 778 putandum
582 681 645 755 est?

120 792 174 861 Et
191 792 356 886 quoniam
371 794 413 865 de
421 792 624 888 impudentia
633 790 725 880 drxr
751 787 947 885 castigemus
959 790 1057 863 etiam
1070 818 1113 885 41

57 899 261 998 segnitiem
288 903 460 976 hominum
486 922 584 1000 atque
605 900 767 974 inertiam.
829 900 918 971 Nam
941 898 1060 975 fieffet
1074 914 1116 979 ¹85

59 1008 151 1081 ista
152 1010 315 1107 cognitio
333 1011 411 1085 iuris
426 1037 544 1110 magna
558 1037 597 1083 ac
611 1010 775 1096 difficilis;
806 1031 918 1083 tamen
933 1008 1058 1082 utilita-

61 1118 117 1188 tis
132 1118 340 1214 magnitudo
354 1119 489 1192 deberet
503 1119 657 1191 homines
678 1120 718 1191 ad
736 1118 973 1217 suscipiendum
990 1119 1058 1191 dis-

64 1227 185 1299 cendi
202 1226 352 1300 laborem
384 1229 566 1324 impellere.
614 1231 701 1320 Sed,
741 1255 764 1301 o
778 1231 823 1301 dii
837 1231 1056 1321 immortales,

68 1363 157 1410 non
173 1339 320 1412 dicerem
336 1333 427 1426 hoc,
452 1339 603 1414 audiente
616 1340 793 1426 Scaevola,
818 1340 877 1412 nist
891 1341 958 1437 ipse
967 1340 1054 1443 dice·

70 1473 120 1519 re
140 1447 291 1540 soleret,
315 1451 432 1522 nullius
450 1449 527 1522 artis
541 1448 725 1523 faciliorem
747 1449 807 1521 fibi
824 1450 1052 1547 cognitionem

10 1614 12 1649 ÷
69 1559 208 1633 videri.
260 1561 364 1654 Quod
378 1560 511 1686 quidem
530 1559 628 1634 certis
642 1560 683 1631 de
696 1558 796 1632 causis
810 1584 829 1629 a
842 1558 1054 1655 plerisquea-
1070 1580 1117 1632 ιιι

10 1658 13 1755 l
74 1672 163 1743 liter
195 1673 420 1760 existimatur:
459 1672 605 1769 primtun
636 1673 714 1770 quia
739 1690 869 1747 veteres
889 1673 961 1758 illi,
995 1674 1053 1772 qui

10 1758 168 1863 lhuie
186 1782 337 1859 scientiae
365 1781 602 1879 praefuerunt,
641 1783 839 1855 obtinendae
866 1803 963 1880 atque
991 1812 1052 1858 au·

10 1892 216 1989 ¹gendae
233 1893 399 1988 potentiae
409 1892 483 1964 suae
496 1889 615 1983 causa,
641 1893 830 1991 pervulgari
844 1917 947 1968 artem
961 1895 1052 1972 suam

85 2000 290 2075 noluerunt.
315 2000 434 2077 deinde
459 1998 671 2098 posteaquam
685 2000 732 2073 est
749 2002 895 2091 editum,
920 2003 1057 2100 expost-t

10 2922 13 3045 l

10 3162 14 3195 l

83 2113 128 2182 tis
152 2136 172 2180 a
185 2110 248 2183 Cn.
263 2111 376 2185 Flavio
390 2111 533 2206 primum
547 2112 757 2203 actionibus,
791 2113 870 2184 nulli
891 2113 1052 2206 fuerunt,

87 2245 146 2315 qur
135 2215 227 2288 illa
245 2215 422 2290 artificiose
444 2217 564 2315 digesta
589 2221 771 2314 generatim
798 2237 1052 2313 componerent.

88 2324 179 2397 Nihil
198 2323 244 2429 est
271 2324 380 2412 enim,
405 2327 497 2424 quod
523 2326 564 2397 ad
590 2347 694 2396 artem
717 2325 823 2421 redigi
847 2325 965 2442 poffit,
991 2325 1061 2401 nist

66 2440 139 2515 ille
161 2441 275 2537 prius,
300 2440 357 2538 qui
383 2440 436 2511 illa
450 2463 567 2533 tenet,
592 2466 743 2539 quorum
759 2458 864 2512 artem
881 2419 1049 2517 instituere

86 2554 180 2642 vult,
205 2553 323 2623 habeat
345 2551 433 2626 illam
456 2495 642 2643 scientiam,
666 2571 703 2625 ut
715 2576 757 2624 ex
774 2551 813 2623 iis
826 2552 937 2640 rebus,
962 2579 1045 2651 qua-

84 2691 159 2737 rum
176 2691 231 2738 ars
253 2666 402 2738 nondum
424 2666 488 2755 stt,
528 2682 631 2737 artem
656 2665 785 2741 efficere
809 2665 917 2761 poffit.
967 2668 1045 2741 Hoc
1063 2679 1109 2745 187

83 2778 214 2868 video,
250 2777 327 2848 dum
364 2775 511 2851 breviter
545 2773 709 2852 voluerim
748 2776 882 2865 dicere,
920 2775 1043 2848 dietum

82 2910 170 2958 ame
182 2887 247 2960 else
260 2886 360 2983 paulo
378 2886 570 2982 obscurius:
598 2885 654 2957 sed
666 2885 843 2981 experiar,
868 2902 901 2956 et
922 2884 1043 2972 dicam,

81 2993 270 3090 lipotero,
294 2996 429 3091 planius.
453 2998 578 3070 Omnia
593 2995 684 3085 fere,
708 3022 793 3093 quae
806 2995 880 3069 sunt
906 2998 1042 3072 conclu·
1057 3018 1106 3086 42

81 3105 115 3178 sa
138 3129 227 3180 nunc
240 3105 385 3195 artibus,
409 3104 549 3202 dispersa
561 3128 594 3177 et
611 3104 760 3202 diffipata
781 3103 951 3201 quondam
970 3103 1043 3178 fue-

83 3236 179 3332 tunt;
204 3232 242 3287 ut
258 3214 294 3286 in
309 3215 462 3306 musicis,
484 3216 690 3304 numeri,-et
711 3239 836 3302 voceS,
874 3237 910 3288 et
928 3217 1042 3290 modi:

80 3318 115 3392 in
129 3324 337 3418 geometria,
362 3270 577 3414 lineainema,
601 3320 743 3419 formae,
756 3324 939 3417 intervalla,
952 3353 1099 3427 mag·

82 3427 303 3503 nitudinesz'
260 3457 329 3503 ‘m
346 3432 545 3530 astrologia,
577 3432 663 3506 coeli
684 3433 884 3525 convetsro,
921 3456 1040 3525 ortus,

10 3300 15 3649 l
80 3536 213 3630 obitus,
237 3536 413 3638 motusque
427 3541 592 3619 srderum.
618 3544 653 3614 in
669 3546 902 3670 grammaticis,
920 3562 1040 3640 poeta·
1055 3538 1115 3587 ·.

10 3654 17 3799 p
79 3671 152 3727 rum
174 3652 412 3754 pertradatio,
434 3651 642 3733 lristoriartun
656 3656 832 3755 cognitio,
854 3655 1043 3765 verhortun
