2302 4304
214 176 219 183 -
307 182 311 192 ·
725 172 753 208 a

28 286 48 325 ι
155 273 224 346 208
312 314 315 321 -
393 221 900 354 neo‘nnrone
1013 250 1023 389 J
1131 331 1133 335 -

152 434 212 508 ista
223 435 360 536 attigisse
374 439 568 527 arbitrabar,
589 402 924 540 quaediligentissime
937 443 1118 544 cognosse,
1136 393 1138 397 Ι

152 569 188 621 er
211 550 358 646 undique
379 549 561 675 collegisse,
588 549 712 649 usuque
738 551 872 655 dossum
884 556 1019 679 partim
1036 580 1116 629 cor-

90 667 137 736 363
154 660 270 732 rexisse
282 662 404 750 video,
419 663 538 758 partim
552 662 792 788 comprobasse.
816 647 935 762 Neque
953 691 996 738 eo
1008 667 1115 738 minus

153 775 376 897 eloquentiam
388 793 497 862 nram,
515 793 548 848 et
560 775 664 847 multo
687 775 790 873 magis
807 776 967 848 virtutem
985 795 1019 850 et
1035 777 1115 851 dili·

152 883 294 981 gentiam
312 881 529 973 adrniror,e1
547 882 640 973 simul
657 883 808 980 gaudeo,
831 882 992 956 iudicium
1015 883 1113 955 animi

152 993 225 1083 mei¹
238 992 472 1086 comprobari,
494 992 588 1090 quod
605 990 733 1089 semper
747 990 861 1081 statui,
878 983 1052 1072 'neminem
1065 995 1112 1067 sa-

151 1103 292 1201 pientiae
310 1103 438 1176 laudem
466 1122 499 1175 et
517 1099 726 1201 'eloquentiae
752 1104 818 1176 sine
836 1105 968 1178 summo
985 1093 1108 1192 studio,

75 1234 78 1239 ·
150 1237 185 1286 et
201 1214 334 1304 labore,
360 1233 392 1284 et
417 1215 592 1303 domina,
617 1216 774 1313 consequi
800 1217 902 1312 posse.
927 1219 993 1290 Sed
1003 1237 1111 1291 tamen

48 1404 51 1411 ¹
149 1325 306 1419 quidnam
328 1322 374 1395 esi
389 1324 445 1412 id,
469 1325 562 1421 quod
572 1324 680 1396 drxrsb
690 1325 839 1416 ,sore,
834 1345 873 1399 ιιι
886 1327 947 1400 tibi
964 1329 1110 1426 ignosce·

149 1463 277 1527 remus,
300 1436 605 1560 ficognossemus,
619 1461 702 1534 quae
721 1458 753 1511 te
775 1439 886 1512 causa
878 1462 914 1511 1n
926 1439 1108 1514 sermonem

149 1547 348 1642 impulisset?
371 1543 468 1641 Quae
495 1546 541 1619 est
554 1546 643 1619 enim
655 1547 715 1618 alia
729 1549 845 1635 causa,
871 1548 930 1620 nifi
944 1551 1039 1648 quod
1052 1577 1110 1623 no·
1134 1568 1137 1583 “

148 1657 198 1731 bis
213 1677 246 1732 et
256 1662 377 1732 horum
387 1658 645 1732 adolescentium
666 1657 1109 1755 studio,quiteattent1ffi

24 1826 29 1831 .
85 1773 133 1839 3⁶4
148 1792 202 1839 me
227 1769 425 1860 audierunt,
446 1795 592 1841 morem.
605 1794 717 1867 gerere
738 1713 899 1843 vosuisti?
928 1769 1022 1841 Tum
1044 1769 1110 1860 isle,

28 1938 30 1943 ,
147 1878 321 1968 Adimere,
345 1880 476 1977 inquit,
490 1905 626 1953 omnem
646 1880 884 1952 recusationem
904 1881 1023 1953 Crasso
1043 1907 1109 1957 vo·

105 2043 107 2047 ¹
146 1990 217 2079 lui,
241 2015 340 2088 quern
359 2016 422 2087 ego
437 1992 535 2086 paulo
561 1992 728 2080 sciebam,
756 1992 810 2064 vel
832 1992 1030 2088 pudentius,
1054 1993 1107 2067 vel

146 2103 305 2192 invidus,
335 2102 432 2200 (nolo
444 2104 532 2174 enim
552 2105 661 2176 dicere
676 2104 717 2175 de
729 2121 796 2174 ram
810 2103 903 2175 suavi
917 2101 1056 2196 homine
1069 2103 1108 2171 fa·

146 2208 306 2283 ssidiosrus
318 2208 360 2308 ,)
377 2210 500 2282 adhoc
519 2236 618 2307 genus
639 2210 799 2281 sermonis
816 2209 985 2281 accedere.
1017 2207 1108 2302 Quid

140 2315 236 2393 'enim
251 2322 375 2419 poterit
400 2320 539 2393 dicere?
573 2320 777 2393 consularem
806 2318 838 2390 se
856 2317 922 2391 esse
935 2317 1107 2390 hominem

23 2430 26 2435 ⁴
146 2451 181 2505 et
199 2433 405 2507 censorium?
433 2434 548 2506 eadem
562 2432 671 2506 nostra
689 2433 781 2505 causa
809 2430 865 2503 est.
895 2432 949 2502 An
969 2448 1106 2502 aetatem

147 2543 286 2626 asseret?
314 2545 532 2641 quadrienmo
544 2569 657 2615 mmor
669 2542 724 2614 est
752 2541 851 2614 Anse
865 2539 1009 2612 nescire?
1025 2564 1106 2637 quae

143 2674 211 2744 ego
223 2649 313 2739 ser0,
329 2676 413 2748 quae
439 2651 558 2723 curfim
579 2650 721 2758 arripui,
738 2674 823 2745 quae
841 2647 1009 2721 subsicivis
1022 2672 1105 2742 ope-

144 2758 189 2829 ris
202 2756 323 2854 ,'(ut
297 2777 386 2830 arunt
386 2757 423 2855 ,)
446 2757 502 2830 iste
517 2785 535 2830 a
546 2782 669 2855 puer0,
690 2760 819 2831 summo
833 2758 955 2848 studio,
971 2758 1105 2831 summis

100 2921 103 2928 ·
130 2868 346 2941 ‘dodoribuu
377 2869 469 2940 Nihil
486 2870 595 2941 dicam
618 2870 680 2940 de
672 2870 831 2967 mgenio,
859 2869 913 2941 cui
931 2893 993 2965 par
1005 2891 1105 2939 nemo

54 2977 57 2983 ’
146 2974 217 3050 suit.
242 2981 364 3051 etenim
389 3003 443 3048 me
462 2979 627 3049 dicentem
646 2980 704 3075 qui
729 2978 883 3068 audierit,
919 3002 1022 3049 nemo
1038 2973 1105 3059 'une

120 3071 125 3082 ’
144 3113 245 3184 quam
259 3108 328 3162 tam
340 3088 388 3160 sui
405 3086 585 3183 despiciens
597 3086 681 3175 suit,
704 3088 785 3185 quin
799 3087 942 3184 speraret
965 3104 1023 3158 aut
1038 3112 1105 3158 me-

144 3199 225 3286 lius,
246 3225 302 3274 aut
328 3200 446 3272 eodem
465 3197 570 3270 modo
591 3198 627 3288 se
637 3198 729 3295 posse
751 3199 883 3270 dicere:
910 3195 1030 3269 Crasso
1051 3195 1102 3268 di·

146 3314 256 3398 cente,
281 3338 382 3384 nemo
398 3331 466 3385 tam
484 3335 665 3409 arrogans,
690 3336 746 3408 qiu
737 3308 905 3382 similiter
918 3309 1102 3407 seunquam

144 3421 307 3496 dissutum
325 3423 389 3495 esse
416 3422 608 3497 consideret,
650 3421 900 3514 Quamobrem,
923 3445 967 3490 ne
989 3417 1101 3501 frustra

143 3535 180 3606 hi
198 3520 326 3606 tales'
293 3534 359 3607 vrri
373 3535 545 3626 venerint,
562 3550 594 3604 te
612 3530 809 3628 aliquand0,
831 3529 969 3617 Crasse,
992 3529 1101 3602 audia-

81 3673 129 3745 90
145 3671 227 3717 mus.
260 3644 350 3715 Tum
364 3642 432 3755 isle,
454 3644 526 3715 Ur
518 3661 563 3714 rta
582 3640 640 3713 ista
654 3642 719 3715 esse
738 3643 948 3731 concedam,
980 3638 1146 3738 inquit,

82 3771 126 3838 365
145 3753 298 3847 Antoni,
323 3775 406 3852 quae
424 3752 502 3842 sunt,
510 3753 608 3852 longe
623 3752 713 3828 secus
720 3807 733 3844 ,
764 3754 846 3853 quid
859 3694 948 3828 mihi
967 3771 1008 3831 ru
1030 3771 1096 3828 tan·
1119 3769 1123 3778 “
