2302 4304
386 285 611 361 uiuum
658 286 712 359 m
961 310 1030 390 ¹57

11 493 24 512 ·
79 444 150 523 teri.
197 447 288 523 Nam
299 447 460 548 quoniam
472 450 553 523 haec
573 444 643 522 sere
658 447 803 521 maxime
822 446 896 543 sum
921 448 958 521 in
977 449 1030 523 iu·
1049 458 1097 511 20⁶

11 624 20 657 ,
77 555 333 650 dicummmts,
362 557 620 657 amquicimque
638 556 817 647 illierum,
841 557 1030 659 apudquos

11 705 17 719 ·
73 694 200 770 agemus
212 727 226 765 ,
255 672 410 747 oratione
444 670 637 758 molienda,
663 688 779 759 amor,
803 668 941 761 odium,
966 673 1030 745 ira-

11 831 17 844 ·
73 782 208 874 cundia,
224 782 372 875 invidia,
392 780 637 868 miseticordia,
655 779 741 877 spes,
757 777 898 872 laetitia,
910 780 1029 877 timor,

70 893 234 968 molestia:
258 894 415 974 sentimus
433 917 585 967 amorem
593 890 790 982 conciliari,
816 889 841 963 fi
857 894 894 967 id
914 895 1028 971 videa·

69 1028 115 1097 re,
130 1008 227 1108 quod
238 1006 280 1083 fit
296 1006 375 1083 utile
392 1007 492 1106 ἱρῆς,
514 1008 603 1107 apud
619 1034 705 1107 quos
718 1034 811 1109 agas,
833 1008 1032 1097 defendere;
1051 1046 1056 1060 ·

68 1115 163 1192 tiaut
178 1142 246 1215 pro
259 1119 359 1193 bonis
382 1118 490 1210 viris,
509 1136 683 1205 ¹autcerte
699 1147 764 1219 pro
790 1123 856 1213 iis,
882 1122 941 1221 qui
966 1122 1029 1196 illis

66 1225 148 1301 boni
164 1246 265 1323 atque
285 1225 380 1299 utiles
400 1224 488 1315 sint,
511 1225 691 1303 laborare:
715 1248 860 1324 namque
877 1226 958 1302 haec
976 1250 1029 1301 res
1122 1256 1129 1267 ·

61 1336 532 1437 umoremtnagisconciliat,
557 1336 611 1408 illa
624 1336 755 1414 virtutis
778 1337 927 1415 desento
944 1339 1029 1412 cati-
1122 1396 1126 1403 .

61 1464 188 1518 tatem:
209 1444 343 1545 plusque
365 1440 523 1542 proficit,
547 1441 573 1515 fi
590 1444 791 1541 proponitur
815 1445 886 1542 spes
903 1446 1027 1521 utilita-

61 1557 98 1630 tis
119 1555 272 1645 fimuae,
292 1578 395 1653 quam
416 1555 584 1652 praeteriti
599 1554 752 1629 beneficii
778 1580 1026 1633 commemora·

62 1662 117 1736 tio.
167 1660 373 1738 Enitendum
395 1661 469 1754 est,
492 1680 530 1737 ut
542 1660 717 1755 ostendas,
741 1663 778 1735 in
796 1688 833 1755 ea
845 1690 903 1756 re,
924 1692 1025 1764 quam
1046 1698 1092 1750 207

61 1774 239 1862 defendas,
266 1791 323 1853 aut
340 1772 535 1873 dignitatem
546 1774 668 1864 inesse,
694 1795 756 1847 aut·
768 1774 960 1848 utilitatem:
991 1802 1026 1849 e·

60 1908 194 1985 umque,
215 1885 272 1959 cui
284 1886 442 1963 concilies
455 1886 545 1961 hunc
559 1911 733 1977 amorem,
761 1882 922 1984 significes
943 1886 1026 1959 nihil

59 1998 96 2070 ad
112 2000 297 2074 utilitatem
322 1999 413 2077 suam'
437 1999 595 2090 retuliffe,
615 2000 748 2074 acuihil
766 2000 909 2073 omnino
931 2000 1043 2077 feciss'

10 2146 12 2209 Ι
57 2106 87 2179 ie
106 2107 205 2183 musa
222 2106 289 2181 sua.
336 2107 508 2187 invidetur
526 2109 617 2191 enim
643 2106 834 2182 commodis
846 2109 1022 2183 hominum

58 2214 224 2313 ipsorum3
254 2216 367 2291 studiis
387 2241 499 2292 autem
524 2230 643 2292 eorum
662 2220 778 2292 ceteris
801 2221 1022 2293 commodan-

57 2326 248 2403 difavetur.
298 2329 556 2425 Videndumque
571 2328 639 2401 hoc
663 2326 743 2398 loco
761 2325 828 2414 est,
854 2350 917 2415 ne,
936 2350 1021 2422 quos
1041 2340 1096 2392 208.

57 2438 96 2511 οὗ
112 2426 296 2511 Βεηείαᾶά
308 2438 400 2539 diligi
414 2438 600 2526 ¹volemus,
635 2460 755 2507 eorum
775 2433 911 2533 laudem·
925 2451 1022 2533 atque

55 2546 220 2642 gloriam,
249 2546 303 2623 cui
320 2546 463 2621 maxime
484 2544 630 2619 invideri
651 2544 756 2634 solet,
786 2543 885 2616 nimis
906 2542 1022 2620 efferre

54 2657 236 2731 videamm.
284 2658 396 2757 Atque
421 2657 540 2737 iisdem
552 2655 604 2730 his
626 2680 669 2729 ex
689 2657 774 2731 locis
796 2674 831 2731 et
847 2657 964 2731 odium
983 2660 1020 2733 in

52 2770 129 2843 alios
147 2768 274 2843 struere
300 2771 480 2862 discemus,
508 2788 580 2869 eta
601 2769 700 2845 nobis
720 2794 758 2842 ac
772 2768 892 2842 nostris
904 2771 1020 2843 demo-

50 2901 151 2951 vere:
182 2878 366 2978 eademque
374 2881 462 2957 haec
488 2867 611 2978 genera
624 2878 791 2951 trattanda
805 2876 878 2950 suut
898 2877 934 2949 in
951 2877 1019 2949 ira·

42 2991 169 3064 umdia
195 2991 252 3065 vel
269 2992 478 3078 excitum,-
495 2990 551 3066 vel
569 2987 720 3063 sedanda.
755 3013 833 3075 nam
855 2987 895 3079 fi,
925 2988 1018 3083 quod

49 3098 142 3196 ipsis,
161 3101 222 3199 qui
236 3101 394 3187 audiunt,
416 3098 637 3197 perniciosum
652 3114 708 3168 aut
720 3095 836 3169 inutile
850 3094 900 3184 fit,
914 3093 949 3167 id
961 3121 1024 3169 au-

49 3235 148 3306 geas,
171 3211 294 3285 odium
306 3224 459 3287 creatu:
487 3210 554 3300 fin,
577 3210 672 3309 quod
682 3228 738 3283 aut
750 3209 786 3293 in
799 3204 911 3283 bunos
922 3208 1017 3285 viros

49 3314 190 3411 fastum,
215 3339 272 3394 aut
287 3322 323 3395 in
334 3334 416 3411 eos',
434 3321 569 3419 imquos
587 3318 727 3417 quisque
739 3316 876 3407 minime
891 3317 1016 3392 debue-

47 3424 112 3517 tit,
131 3448 189 3501 aut
206 3428 242 3499 in
255 3426 513 3526 rempublicam
539 3424 805 3516 tumexcitatur,
825 3422 936 3513 finon
948 3445 1016 3499 tam

47 3537 206 3611 acerbum
220 3538 360 3629 odium,
381 3555 492 3611 tamen
515 3558 571 3610 aut
588 3533 756 3628 invidiae,
781 3554 837 3609 aut
860 3538 931 3610 odii
944 3561 1016 3609 non

45 3644 206 3722 diffimilis
219 3648 372 3726 offensio.
420 3652 503 3723 Item
516 3649 628 3721 'tinior
648 3647 810 3723 incutitur
822 3672 881 3721 mit
899 3674 942 3718 ex
959 3647 1014 3741 ip·
1034 3684 1083 3738 ιο,

46 3759 160 3839 sorum
172 3762 330 3861 periculis
342 3781 446 3858 ,.aut
460 3788 504 3842 ex
528 3762 772 3847 communibus.
806 3756 947 3843 interior
968 3754 1015 3833 est
