2302 4304
385 288 737 409 urceum.
800 338 803 343 ·
958 319 1022 372 211

60 468 156 541 enim
180 463 326 539 Romam
347 463 446 537 rediit
467 483 618 536 extremo
634 448 850 545 'scenicorum
870 456 1028 533 ludorum

59 581 141 667 die,
163 577 381 650 vehementer
402 591 592 646 commotus
611 598 650 644 ea
675 572 850 661 oratione,
869 594 952 668 quae
976 568 1030 641 se·

61 689 203 760 rebatur
222 684 333 757 habita
355 682 419 756 csse
440 683 476 755 in
498 684 665 771 concione
691 707 710 754 a
737 681 907 777 Philippo;
928 703 1029 776 quem

64 796 187 870 dixisse
211 794 400 883 constellat,
422 800 587 871 videndum
599 795 665 893 fibi
677 790 834 890 aliudeffe
850 790 1030 889 confilium
1058 850 1061 856 .

64 910 126 975 illo
144 905 262 996 senatu
278 904 316 994 se
342 906 556 996 rempublicam
583 928 678 997 gerere
703 918 769 970 non
789 895 905 996 poffe:
933 918 1034 968 mane

67 1012 181 1085 idibus
221 1010 422 1107 Septembris
465 1027 499 1082 et
538 1009 593 1081 ille
638 1031 672 1082 et
705 1008 833 1080 senattu
878 1003 1033 1102 frequens
1095 1036 1098 1043 ·

68 1139 199 1194 vocatu
224 1120 326 1192 Drusi
359 1119 394 1190 in
418 1120 546 1192 curiam
575 1118 682 1192 venit.
721 1117 772 1189 lbi
798 1140 875 1188 cum
902 1112 1033 1187 Drusus

71 1230 181 1301 multa
206 1230 246 1300 de
270 1228 424 1325 Philippo
451 1225 582 1326 questus
607 1226 707 1319 esset,
734 1226 844 1301 retulit
874 1227 916 1300 ad
938 1225 1032 1299 sena·

73 1360 153 1412 tum
179 1339 220 1410 de
245 1337 300 1411 illo
323 1340 417 1436 ipso,
443 1339 537 1437 quod
566 1337 679 1411 consul
705 1339 741 1410 in
763 1364 847 1433 eum
879 1339 1032 1413 ordinem
1070 1349 1080 1374 ''

74 1466 148 1522 tam
178 1449 320 1547 graviter
347 1450 383 1520 in
414 1448 590 1522 concione.
613 1447 691 1520 esset
726 1447 886 1522 inveslus.
938 1449 1007 1521 Hic
1019 1448 1065 1537 '33

69 1581 111 1632 ut
130 1558 223 1655 saepe
243 1557 330 1631 inter
343 1556 495 1629 homines
509 1552 757 1653 sapientissimos
775 1554 924 1629 constare
941 1555 1035 1644 vidi,

72 1693 277 1765 quamquam
314 1668 382 1739 hoc
413 1666 553 1757 Crasso,
587 1691 664 1738 cum
699 1665 822 1764 aliquid
853 1670 1040 1742 accuratius.

74 1777 226 1866 dixisset,
247 1774 375 1873 semper
395 1775 464 1847 sere
495 1774 701 1872 contigisset,
722 1799 760 1850 ut
787 1773 957 1877 nunquam
984 1781 1036 1852 di-

71 1886 159 1958 xisse
189 1887 305 1958 melius
331 1902 516 1982 putaretur,
549 1905 660 1956 tamen
691 1886 844 1959 omnium
877 1888 1037 1987 consensu

75 1997 121 2068 fic
148 1994 213 2064 esse
247 2010 318 2062 tum
340 1993 520 2064 iudicatum
557 1992 691 2083 audivi,
719 2013 848 2069 ceteros
873 2021 892 2070 a
918 1997 1036 2070 Craffo

77 2104 207 2198 semper
234 2124 371 2189 omnes,
394 2101 451 2173 illo
478 2119 587 2174 autem
612 2102 665 2174 die
687 2103 787 2174 etiam
809 2103 949 2199 ipsuma
971 2104 1040 2178 sese

77 2211 276 2306 superatum.
310 2208 513 2303 Deploravit
546 2210 635 2280 enim
668 2208 779 2279 casum
810 2224 909 2306 atque
942 2210 1040 2284 orbi·
1106 2210 1110 2221 '

79 2339 184 2392 tatem
219 2321 361 2392 senatus:
387 2318 478 2392 cuius
499 2319 626 2390 ordinis
650 2343 669 2388 a
692 2317 846 2407 consule,
872 2319 931 2417 qui
951 2320 1043 2418 quali

80 2458 200 2532 parens
226 2435 354 2523 bonus,
381 2452 436 2506 aut
462 2450 553 2506 tutor
581 2432 686 2504 fidelis
712 2432 776 2506 esse
800 2435 951 2527 deberet,
973 2455 1042 2510 tan-

80 2570 184 2642 quam
211 2544 252 2614 ab
282 2543 393 2641 aliquo
420 2541 551 2614 nefario
578 2541 745 2640 praedone
772 2544 970 2644 diriperetur
987 2574 1044 2646 pa-

81 2652 279 2755 trimonium
306 2651 492 2758 dignitatis:
509 2675 616 2748 neque
642 2676 728 2723 vero
751 2652 817 2726 esse
843 2657 1044 2751 mirandum

82 2765 129 2856 si,
167 2791 244 2836 cum
273 2765 335 2838 suis
365 2767 508 2839 consiliis
543 2767 780 2864 rempublicam
814 2772 1045 2872 profligasset,

83 2878 261 2950 consilium
286 2880 410 2963 senatus
431 2906 450 2950 a
467 2881 632 2977 republica
654 2883 851 2978 repudiaret.
866 2888 941 2962 'Hic
968 2909 1079 2962 cume

84 2990 216 3061 homini
246 3008 279 3063 et
314 2992 525 3085 vehementi,
560 3016 593 3066 et
628 2982 772 3084 diserto,
800 3013 834 3068 et
863 2997 900 3069 in
931 2999 1046 3094 primis

84 3099 169 3173 sorti
201 3100 243 3172 ad
278 3097 509 3193 resistendum,
547 3103 723 3199 philippe,
760 3105 850 3202 quast
889 3111 1048 3205 quasdam

86 3208 272 3281 verborum
294 3208 384 3281 faces
407 3211 620 3299 admovisset,
641 3235 711 3282 non
732 3213 807 3284 tulit
830 3213 895 3305 ille,
917 3236 951 3292 et
972 3244 1049 3317 gra-

87 3318 178 3389 viter
206 3317 348 3403 exarfit,
383 3318 640 3421 pignoribusque
672 3319 785 3392 ablatis
814 3322 965 3400 Crassum
993 3329 1048 3400 in-

92 3425 194 3499 stituit
221 3451 387 3500 coercere.
416 3422 497 3520 Quo
523 3427 658 3524 quidem
683 3428 755 3525 ipso
778 3430 813 3502 in
841 3432 921 3509 loco
948 3436 1052 3508 multa

93 3537 258 3610 aCrasso
291 3538 449 3611 divinitus
481 3538 566 3611 dida
599 3538 845 3632 efferebantur,
880 3569 958 3617 cum
991 3541 1052 3614 fibi

96 3648 185 3721 illum
200 3649 368 3722 constdem
382 3644 447 3722 esse
461 3673 609 3747 negaret,
622 3652 676 3724 cui
693 3653 822 3727 senator
836 3655 905 3750 ipse
919 3677 988 3723 non
1001 3650 1054 3723 es·

101 3754 151 3830 set.
161 3766 220 3831 An
235 3783 295 3849 eu,
308 3787 403 3853 quum
417 3785 538 3831 emnem
556 3760 768 3834 nutrientem
786 3760 921 3857 uniuerst
934 3760 1056 3832 ordinis

813 3858 848 3926 Ο
866 3881 886 3925 2
