2304 4304
420 224 786 411 neuros.N
975 309 1042 388 ης

42 499 46 543 ;
93 473 167 529 tero
198 457 347 532 tribunus
376 456 544 528 militum:
574 453 734 552 Sulpicius
767 449 889 547 legatus
912 451 1110 540 aberat,304

92 559 194 638 etiam
215 573 264 641 Μ.
287 568 470 640 Antonius:
495 564 709 638 exercebatur
722 583 787 643 una
799 560 870 656 lege
888 560 1053 633 iudicium

42 733 58 761 ,-
91 680 210 770 Varia,
236 683 352 754 ceteris
369 697 507 777 propter
522 674 644 749 bellum
656 669 875 745 intermissu:
900 669 960 767 qui
976 670 1046 743 fre·

90 809 230 885 quentes
248 791 384 863 aderant
410 788 628 890 (quamquam
650 810 715 881 pro
740 784 772 857 se
792 781 853 878 ipfi
869 779 1043 878 dicebant)

57 900 60 905 ’
91 917 264 991 oratores,
288 927 356 975 non
380 904 424 976 illi
447 904 580 1001 quidem
600 899 787 997 principes,
810 900 848 970 L.
869 896 1047 970 Memmius

91 1010 194 1101 etQ.
224 1012 416 1107 PompeiuS,
440 1011 496 1084 sed
517 1029 668 1083 oratores
688 1026 818 1097 tamen,
843 1003 922 1080 teste
944 1006 1045 1079 diser-

88 1136 280 1222 tourerque
303 1126 477 1222 Philippo;
508 1126 601 1196 cuius
624 1122 659 1193 in
687 1121 876 1194 testimonio
904 1137 1045 1193 conten·

86 1233 140 1304 tio
160 1254 194 1304 et
213 1237 284 1311 vim
305 1237 500 1312 accusatoris
518 1236 657 1308 habebat
681 1253 715 1306 et
735 1235 876 1330 copiam.

139 1332 291 1448 Reliqui,
329 1349 386 1447 qui
414 1369 484 1421 tum
509 1344 674 1443 principes
701 1344 976 1431 numerabantur,
1010 1342 1046 1414 in
1058 1330 1106 1421 305

86 1455 329 1554 magistratibus
359 1481 471 1548 erant,
503 1456 722 1557 quotidieque
749 1455 817 1527 sere
844 1479 862 1525 a
888 1453 986 1525 nobis
1007 1453 1044 1525 in

86 1563 309 1639 concionibus
329 1567 552 1640 audiebantur.
601 1567 680 1640 Erat
698 1566 786 1637 enim
805 1565 956 1637 tribunus
976 1564 1045 1660 ple·

86 1664 232 1747 histum
254 1678 296 1751 C.
318 1679 446 1752 Curio:
481 1703 681 1776 quamquam
706 1676 733 1749 is
754 1675 888 1773 quidem
914 1674 1045 1764 silebat,

87 1803 127 1857 ut
139 1808 217 1863 erat
237 1791 369 1865 semela
388 1793 551 1866 concione
572 1793 722 1868 universa
739 1794 876 1866 relidus.
913 1794 958 1884 Q.
972 1794 1045 1863 Me·

86 1897 184 1971 tellus
214 1901 328 1993 Celer,
367 1930 436 1978 non
463 1904 517 1977 ille
546 1907 680 2005 quidem
703 1926 836 1992 orator,
862 1905 918 1977 sed
935 1922 1046 1977 tamen
1089 1950 1091 1955 -

86 2034 160 2082 non
179 2012 307 2102 insans;
345 2016 465 2090 diserti
478 2027 584 2092 autem
609 2021 654 2112 Q.
672 2021 824 2108 Varius,
849 2013 889 2089 C.
908 2016 1044 2106 Carbo,

86 2120 154 2192 Cn.
173 2123 396 2220 Pomponiust
421 2129 493 2200 etii
512 2128 646 2226 quidem
667 2128 854 2202 habitabant
871 2129 906 2200 in
922 2128 1045 2202 rostris.

87 2231 131 2303 C.
153 2232 250 2305 etiam
267 2236 386 2328 ltdius‚
400 2239 510 2310 aedilis
526 2238 664 2326 curulis,
684 2238 833 2334 quotidie
856 2235 928 2309 fere
948 2263 1045 2310 accu·
1103 2282 1107 2290 »

87 2365 175 2416 raras
193 2346 371 2420 conciones
390 2348 551 2425 habebat:
576 2348 632 2422 sed
650 2373 704 2447 me
727 2346 967 2443 cupidiffimum
984 2371 1044 2418 au·

86 2453 202 2527 diendi
220 2458 344 2553 primus
368 2459 468 2540 dolor
494 2459 668 2558 percussit,
702 2458 804 2529 Cotta
824 2481 900 2528 cum
918 2454 964 2525 est
985 2480 1046 2528 err·

85 2562 209 2662 pulsus.
228 2566 372 2666 reliquos
391 2570 581 2668 frequenter
601 2569 734 2641 audiens
751 2566 913 2640 acerrimo
936 2562 1045 2638 {ludio

87 2668 251 2766 tenebar,
285 2682 505 2781 'quotidieque
531 2703 565 2754 er
593 2680 759 2767 scribens,
797 2697 830 2751 et
850 2678 976 2774 legem,
1011 2694 1046 2750 et

87 2806 334 2874 commentans,
354 2791 507 2864 oratoriis
523 2809 634 2864 tamen
656 2784 945 2861 exercitationibus
966 2810 1045 2857 con·

89 2910 201 2966 tentus
223 2920 293 2967 non
319 2922 419 2970 eram.
468 2901 535 2970 lam
557 2896 777 2993 consequente
800 2917 888 2966 anno
911 2895 955 2985 Q.
971 2896 1043 2964 Va-

87 3002 158 3074 rius
184 3001 239 3074 sua
264 3003 337 3103 lege
369 3008 538 3081 damnatus
573 3005 758 3093 excesserat.
816 3008 887 3100 Ego
916 3019 1044 3094 autem,
1060 3026 1106 3092 306

87 3109 170 3181 iuris
182 3110 289 3184 civilis
310 3113 433 3202 studio,
457 3117 596 3188 multum
616 3139 737 3210 operae
756 3112 874 3194 dabam
890 3113 935 3202 Q.
953 3114 1046 3186 Scae·

86 3217 206 3304 volae,
230 3222 265 3292 P.
283 3217 378 3295 filio:
403 3224 466 3320 qui
486 3248 686 3323 quamquam
706 3221 830 3292 nemini
852 3221 885 3293 se
912 3222 955 3294 ad
981 3226 1046 3299 do·

85 3324 230 3400 cendum
242 3329 360 3420 dabat,
383 3340 517 3422 tamen,
542 3330 782 3428 consulentibus
801 3328 1044 3428 respondendo,

86 3433 251 3510 studiosos
273 3439 425 3514 audiendi
448 3442 599 3515 docebat.
647 3442 758 3538 Atque
775 3441 852 3517 huic
866 3443 954 3517 anno
969 3469 1045 3539 pro-
1076 3495 1078 3499 «
1130 3515 1136 3526 ,

85 3547 198 3633 ximus
222 3551 309 3622 Sulla
336 3552 471 3630 consule
492 3573 525 3625 et
544 3553 705 3647 Pompeio
730 3553 801 3628 suit.
822 3574 895 3628 tum
915 3558 951 3626 P.
973 3557 1045 3627 Sul-
1068 3585 1072 3593 ·

50 3711 54 3720 .
83 3659 169 3761 picli
187 3661 222 3733 in
237 3664 404 3737 tribunatu
424 3666 573 3763 quotidie
597 3667 827 3741 concionantis
854 3685 1046 3768 totum'ge-

85 3778 150 3845 nus
172 3769 302 3846 dicendi
324 3775 454 3871 penitus
487 3774 718 3874 cognovimus.
756 3775 941 3876 eodemque
967 3794 1048 3852 tem.
