2302 4304
369 304 599 377 mus-:n
639 307 693 378 11.
941 331 1011 410 109

44 485 132 563 am,¹
166 472 234 570 qui
255 465 341 540 fama
365 492 405 540 ac
427 467 563 539 nomine
589 467 764 558 excellant,
788 467 830 540 de
850 467 1009 569 cuiusque

48 586 141 675 vita,
170 603 270 682 atque
297 598 418 653 natura.
445 581 637 653 Verborum
651 597 760 652 autem
781 582 878 671 ratio,
900 600 933 656 et
955 609 1010 682 ge·
1027 601 1063 666 64

48 721 112 769 nus
141 695 320 784 orationis,
341 692 448 764 fulsum
471 709 569 791 atque
590 695 749 781 madium,
773 710 906 766 etcum
929 695 1010 770 leni-

48 800 114 874 tat'e
139 803 283 902 quadam
314 791 475 898 aequabili
500 797 684 896 profluens,
714 798 781 870 stne
808 800 869 874 hac
895 801 1010 875 iudici-

49 914 91 986 ali
105 913 298 1011 asperitate,
314 929 347 985 et
366 911 433 982 sine
450 908 681 982 sententiarum
699 907 878 981 sorensium
894 911 1011 982 aculeis
1137 1005 1142 1017 ,

50 1023 317 1121 persequendum
344 1019 400 1094 est.
437 1021 565 1090 Harum
587 1034 639 1088 tot
659 1033 887 1115 tantarumque
901 1041 1011 1090 renim

50 1131 215 1210 videtisne
238 1133 302 1205 ulla
322 1130 386 1203 esse
409 1146 602 1229 praecepta,
624 1151 708 1225 quae
732 1128 767 1199 in
775 1129 913 1200 artibus
934 1128 1011 1201 rhe-

17 1326 20 1337 .
51 1263 167 1318 torum
192 1242 431 1364 reperiantur?

103 1356 143 1424 ln
170 1353 290 1424 eodem
316 1341 445 1422 silentio
476 1347 579 1422 multa
607 1346 669 1420 alia
702 1326 873 1419 oratorum
900 1347 1011 1424 officia

51 1462 244 1552 iacuerunt,
266 1461 530 1550 cohortationes,
553 1459 812 1549 consolationes,
825 1478 1011 1557 praecepta,

10 1642 12 1657 ,
51 1573 245 1645 admonita:
268 1574 352 1670 quae
371 1570 542 1645 ‘tradenda
569 1572 641 1643 sunt
660 1569 773 1642 omnia
798 1570 1010 1656 disertillnnet

52 1681 107 1754 sed
129 1681 243 1754 locum
271 1680 364 1753 suum
387 1679 500 1752 inillis
518 1679 652 1769 artibus,
670 1702 754 1776 quae
771 1679 906 1750 traditae
926 1678 1012 1768 sunt,

42 1785 176 1858 babent
197 1786 332 1859 nullum.
369 1789 477 1884 Atque
500 1786 536 1856 in
567 1785 633 1856 hoc
659 1808 776 1883 genere
798 1785 852 1859 illa
875 1810 1010 1885 quoque
1031 1803 1059 1866 ⁶5

52 1895 99 1967 est
118 1894 252 1968 infinita
276 1894 371 1986 filva,
393 1895 488 1994 quod
507 1893 636 1965 oratori
657 1894 806 1991 plerique
834 1893 889 1993 (ut
910 1897 1010 1967 etiarn

54 2007 186 2080 Crassus
218 2004 393 2103 ostendit)
423 2007 504 2078 duo·
522 2028 644 2102 ⁴genera
668 2004 711 2076 ad
743 2006 922 2079 dicendum
950 2006 1010 2079 de-

46 2113 192 2188 derunt:
222 2138 322 2186 tinum
345 2115 392 2187 ¹de
414 2133 504 2188 certa
536 2115 736 2213 definitaque
759 2117 873 2207 causa,
901 2117 1010 2213 quales
1125 2178 1137 2204 ,

54 2222 140 2317 sunt,
161 2225 294 2323 quaein
322 2224 452 2314 litibus,
474 2250 557 2322 quae
577 2227 612 2297 in
625 2226 915 2299 deliberationibus
933 2252 1011 2300 ver-

55 2336 179 2422 santur3
213 2337 332 2427 addat,
358 2336 383 2409 sr
415 2339 488 2434 quis
519 2338 632 2427 volet,
660 2341 758 2410 etiam
782 2331 1010 2413 laudationes:

57 2444 209 2535 alterum,
241 2443 338 2542 quod
369 2443 531 2541 appellant
556 2468 672 2516 omnes
711 2443 779 2515 fere
816 2444 1013 2540 scriptoreS,
1100 2516 1103 2524 ,

56 2554 192 2651 explicat
227 2574 348 2641 nemo,
384 2550 549 2624 infinitam
579 2553 707 2650 generis
738 2553 805 2639 fine
836 2571 1009 2653 tempore,
1080 2571 1085 2582 '

24 2758 28 2763 η
57 2683 86 2735 et
102 2664 170 2737 line
192 2664 358 2762 persona,
378 2663 613 2762 quaestionem.
637 2667 713 2740 Hoc
732 2665 834 2768 ¹quid,
856 2684 890 2739 et
908 2692 1012 2767 quan·

57 2786 119 2846 uun
152 2774 211 2864 fit,
249 2799 326 2847 cum
362 2774 493 2866 dicum,
522 2772 700 2873 intelligere
737 2777 820 2850 mibi
852 2802 923 2851 non
953 2780 1008 2854 vi-

57 2876 178 2953 dentur.
227 2879 260 2950 Si
296 2880 385 2953 enim
416 2879 473 2954 'est
509 2884 691 2974 oratoris,
709 2910 926 2985 quaecumque
959 2913 1010 2960 res
1031 2907 1063 2959 uo

55 2985 177 3062 infinite
199 2989 307 3086 polita
333 2986 393 3078 fit,
420 2990 461 3063 de
494 3014 546 3063 ea
559 2991 651 3087 posse
678 2993 811 3080 dicere;
832 2994 1009 3089 dicendum

27 3095 111 3167 ¹erit
138 3097 192 3187 ei,
218 3113 341 3195 quanta
372 3095 412 3168 srt
437 3096 512 3170 solis
548 3097 761 3195 magnitudo,
790 3124 875 3196 quae
903 3100 1011 3174 forma

54 3221 174 3280 terrae:
205 3207 248 3279 de
279 3207 537 3297 mathematicis,
571 3209 612 3279 de
651 3208 789 3283 musicis
811 3210 908 3284 rebus
941 3238 1011 3287 non
1129 3298 1134 3310 ‚

55 3317 194 3410 poterit,
225 3319 309 3415 quin
337 3318 447 3409 dicat,
473 3319 664 3392 hoc'onere
691 3320 859 3420 suscept0,
886 3328 1012 3400 recusa·

54 3451 96 3500 re.
138 3429 301 3529 Denique
335 3431 389 3521 ei,
420 3431 478 3530 qui
505 3429 679 3528 profitetur
711 3431 775 3505 else
800 3435 910 3528 suum,
940 3463 1011 3510 non
1091 3497 1094 3503 .

55 3537 156 3612 solum
188 3539 231 3611 de
260 3539 302 3612 iis
327 3537 580 3629 controversiis,
615 3562 701 3636 quae
736 3543 941 3638 temporibus
979 3557 1012 3612 et
1060 3544 1063 3549 ’

56 3649 201 3745 personis
227 3667 357 3723 notatae
385 3650 473 3741 sumt,
505 3650 570 3723 hoc
597 3648 662 3740 est,
695 3648 746 3720 de
775 3642 930 3721 omnibus
960 3646 1012 3717 so-

57 3749 221 3855 renfibiu,
258 3759 315 3837 sed
345 3759 445 3835 etiam
477 3759 519 3833 de
551 3783 709 3858 generum
743 3757 879 3848 infinitis
910 3781 1012 3855 quae-
