<?xml version="1.0" encoding="UTF-8"?>
<!DOCTYPE html PUBLIC "-//W3C//DTD XHTML 1.0 Transitional//EN"
    "http://www.w3.org/TR/xhtml1/DTD/xhtml1-transitional.dtd">
<html xmlns="http://www.w3.org/1999/xhtml" xml:lang="en" lang="en">
 <head>
  <title>
</title>
<meta http-equiv="Content-Type" content="text/html;charset=utf-8" />
  <meta name='ocr-system' content='tesseract 3.04.00' />
  <meta name='ocr-capabilities' content='ocr_page ocr_carea ocr_par ocr_line ocrx_word'/>
</head>
<body>
  <div class='ocr_page' id='page_1' title='image "./mtulliiciceroni00plutgoog_0472.png"; bbox 0 0 2302 4304; ppageno 0'>
   <div class='ocr_carea' id='block_1_1' title="bbox 365 247 1112 409">
    <p class='ocr_par' dir='ltr' id='par_1_1' title="bbox 365 247 1112 409">
     <span class='ocr_line' id='line_1_1' title="bbox 365 247 1112 409; baseline -0.003 -49"><span class='ocrx_word' id='word_1_1' title='bbox 365 287 705 362; x_wconf 76' lang='lat' dir='ltr'>ontuon</span> <span class='ocrx_word' id='word_1_2' title='bbox 927 247 1008 409; x_wconf 60' lang='lat'>&#39;479</span> <span class='ocrx_word' id='word_1_3' title='bbox 1109 249 1112 255; x_wconf 77' lang='grc'><strong>’</strong></span> 
     </span>
    </p>
   </div>
   <div class='ocr_carea' id='block_1_2' title="bbox 12 446 1135 3757">
    <p class='ocr_par' dir='ltr' id='par_1_2' title="bbox 51 446 1012 880">
     <span class='ocr_line' id='line_1_2' title="bbox 51 446 1010 547; baseline 0.005 -27"><span class='ocrx_word' id='word_1_4' title='bbox 51 446 184 538; x_wconf 87' lang='lat' dir='ltr'>soluta,</span> <span class='ocrx_word' id='word_1_5' title='bbox 208 463 263 521; x_wconf 90' lang='lat' dir='ltr'>aut</span> <span class='ocrx_word' id='word_1_6' title='bbox 283 446 390 520; x_wconf 86' lang='lat' dir='ltr'>sluens</span> <span class='ocrx_word' id='word_1_7' title='bbox 407 449 446 521; x_wconf 85' lang='lat' dir='ltr'>sit</span> <span class='ocrx_word' id='word_1_8' title='bbox 463 451 582 527; x_wconf 89' lang='lat' dir='ltr'>oratio.</span> <span class='ocrx_word' id='word_1_9' title='bbox 608 453 720 547; x_wconf 90' lang='lat' dir='ltr'>ltaque</span> <span class='ocrx_word' id='word_1_10' title='bbox 733 448 887 524; x_wconf 91' lang='lat' dir='ltr'>nonsunt</span> <span class='ocrx_word' id='word_1_11' title='bbox 912 451 948 523; x_wconf 92' lang='lat' dir='ltr'>in</span> <span class='ocrx_word' id='word_1_12' title='bbox 970 469 1010 525; x_wconf 90' lang='lat' dir='ltr'>ea</span> 
     </span>
     <span class='ocr_line' id='line_1_3' title="bbox 52 555 1012 655; baseline -0.001 -23"><span class='ocrx_word' id='word_1_13' title='bbox 52 567 215 655; x_wconf 85' lang='lat' dir='ltr'>tanquam</span> <span class='ocrx_word' id='word_1_14' title='bbox 232 558 358 630; x_wconf 85' lang='lat' dir='ltr'>tibicini</span> <span class='ocrx_word' id='word_1_15' title='bbox 379 560 619 654; x_wconf 74' lang='lat' dir='ltr'>percussionum</span> <span class='ocrx_word' id='word_1_16' title='bbox 644 556 763 647; x_wconf 90' lang='lat' dir='ltr'>modi,</span> <span class='ocrx_word' id='word_1_17' title='bbox 784 557 840 630; x_wconf 93' lang='lat' dir='ltr'>sed</span> <span class='ocrx_word' id='word_1_18' title='bbox 859 555 1012 632; x_wconf 86' lang='lat' dir='ltr'>universa</span> 
     </span>
     <span class='ocr_line' id='line_1_4' title="bbox 54 660 1012 766; baseline 0.003 -23"><span class='ocrx_word' id='word_1_19' title='bbox 54 660 312 766; x_wconf 75' lang='lat' dir='ltr'>comprehensio</span> <span class='ocrx_word' id='word_1_20' title='bbox 333 688 367 742; x_wconf 95' lang='lat' dir='ltr'>et</span> <span class='ocrx_word' id='word_1_21' title='bbox 389 669 512 766; x_wconf 86' lang='lat' dir='ltr'>species</span> <span class='ocrx_word' id='word_1_22' title='bbox 528 672 688 746; x_wconf 89' lang='lat' dir='ltr'>orationis</span> <span class='ocrx_word' id='word_1_23' title='bbox 707 673 811 744; x_wconf 88' lang='lat' dir='ltr'>clausa</span> <span class='ocrx_word' id='word_1_24' title='bbox 835 694 870 744; x_wconf 90' lang='lat' dir='ltr'>et</span> <span class='ocrx_word' id='word_1_25' title='bbox 895 674 1012 746; x_wconf 89' lang='lat' dir='ltr'>termi-</span> 
     </span>
     <span class='ocr_line' id='line_1_5' title="bbox 55 781 973 880; baseline 0.002 -26"><span class='ocrx_word' id='word_1_26' title='bbox 55 781 218 868; x_wconf 78' lang='lat' dir='ltr'>nataesl3</span> <span class='ocrx_word' id='word_1_27' title='bbox 241 783 333 880; x_wconf 90' lang='lat' dir='ltr'>quod</span> <span class='ocrx_word' id='word_1_28' title='bbox 355 783 524 880; x_wconf 89' lang='lat' dir='ltr'>voluptate</span> <span class='ocrx_word' id='word_1_29' title='bbox 538 785 665 856; x_wconf 91' lang='lat' dir='ltr'>aurium</span> <span class='ocrx_word' id='word_1_30' title='bbox 683 785 854 858; x_wconf 88' lang='lat' dir='ltr'>iudicatur.</span> <span class='ocrx_word' id='word_1_31' title='bbox 967 820 973 831; x_wconf 91' lang='lat'>·</span> 
     </span>
    </p>

    <p class='ocr_par' dir='ltr' id='par_1_3' title="bbox 43 889 1135 1996">
     <span class='ocr_line' id='line_1_6' title="bbox 43 889 1079 1003; baseline 0.008 -42"><span class='ocrx_word' id='word_1_32' title='bbox 43 974 47 983; x_wconf 29' lang='lat'><strong>¹</strong></span> <span class='ocrx_word' id='word_1_33' title='bbox 107 889 199 962; x_wconf 85' lang='lat' dir='ltr'>Solet</span> <span class='ocrx_word' id='word_1_34' title='bbox 220 914 328 964; x_wconf 90' lang='lat' dir='ltr'>autem</span> <span class='ocrx_word' id='word_1_35' title='bbox 342 894 479 991; x_wconf 89' lang='lat' dir='ltr'>quaeri,</span> <span class='ocrx_word' id='word_1_36' title='bbox 503 891 620 967; x_wconf 78' lang='lat' dir='ltr'>tototle</span> <span class='ocrx_word' id='word_1_37' title='bbox 636 895 671 965; x_wconf 93' lang='lat' dir='ltr'>in</span> <span class='ocrx_word' id='word_1_38' title='bbox 684 895 809 972; x_wconf 89' lang='lat' dir='ltr'>ambitu</span> <span class='ocrx_word' id='word_1_39' title='bbox 831 895 1013 970; x_wconf 90' lang='lat' dir='ltr'>verborum</span> <span class='ocrx_word' id='word_1_40' title='bbox 1035 927 1079 1003; x_wconf 80' lang='lat'>59</span> 
     </span>
     <span class='ocr_line' id='line_1_7' title="bbox 48 1005 1080 1110; baseline 0.013 -38"><span class='ocrx_word' id='word_1_41' title='bbox 48 1005 190 1101; x_wconf 74' lang='lat' dir='ltr'>pumeri</span> <span class='ocrx_word' id='word_1_42' title='bbox 198 1007 330 1078; x_wconf 90' lang='lat' dir='ltr'>tenendi</span> <span class='ocrx_word' id='word_1_43' title='bbox 347 1006 425 1099; x_wconf 81' lang='lat' dir='ltr'>sint,</span> <span class='ocrx_word' id='word_1_44' title='bbox 449 1008 535 1080; x_wconf 90' lang='lat' dir='ltr'>anin</span> <span class='ocrx_word' id='word_1_45' title='bbox 549 1009 663 1105; x_wconf 88' lang='lat' dir='ltr'>primis</span> <span class='ocrx_word' id='word_1_46' title='bbox 675 1010 841 1106; x_wconf 82' lang='lat' dir='ltr'>partibus,</span> <span class='ocrx_word' id='word_1_47' title='bbox 868 1033 966 1110; x_wconf 90' lang='lat' dir='ltr'>atque</span> <span class='ocrx_word' id='word_1_48' title='bbox 978 1014 1015 1085; x_wconf 96' lang='lat' dir='ltr'>in</span> <span class='ocrx_word' id='word_1_49' title='bbox 1034 1044 1080 1092; x_wconf 78' lang='lat'>199</span> 
     </span>
     <span class='ocr_line' id='line_1_8' title="bbox 57 1118 1130 1222; baseline 0.008 -34"><span class='ocrx_word' id='word_1_50' title='bbox 57 1118 225 1192; x_wconf 84' lang='lat' dir='ltr'>extremis.</span> <span class='ocrx_word' id='word_1_51' title='bbox 250 1121 401 1222; x_wconf 85' lang='lat' dir='ltr'>Plerique</span> <span class='ocrx_word' id='word_1_52' title='bbox 419 1122 508 1196; x_wconf 91' lang='lat' dir='ltr'>enim</span> <span class='ocrx_word' id='word_1_53' title='bbox 523 1122 654 1196; x_wconf 89' lang='lat' dir='ltr'>censent</span> <span class='ocrx_word' id='word_1_54' title='bbox 673 1125 789 1196; x_wconf 91' lang='lat' dir='ltr'>cadere</span> <span class='ocrx_word' id='word_1_55' title='bbox 808 1144 936 1198; x_wconf 92' lang='lat' dir='ltr'>tantum</span> <span class='ocrx_word' id='word_1_56' title='bbox 953 1151 1016 1196; x_wconf 91' lang='lat' dir='ltr'>nu·</span> <span class='ocrx_word' id='word_1_57' title='bbox 1046 1141 1049 1146; x_wconf 84' lang='grc'><strong><em>·</em></strong></span> <span class='ocrx_word' id='word_1_58' title='bbox 1127 1170 1130 1177; x_wconf 72' lang='grc'><em>·</em></span> 
     </span>
     <span class='ocr_line' id='line_1_9' title="bbox 57 1227 1135 1330; baseline 0.006 -33"><span class='ocrx_word' id='word_1_59' title='bbox 57 1227 188 1299; x_wconf 90' lang='lat' dir='ltr'>merose</span> <span class='ocrx_word' id='word_1_60' title='bbox 207 1251 385 1326; x_wconf 89' lang='lat' dir='ltr'>oportere,</span> <span class='ocrx_word' id='word_1_61' title='bbox 407 1231 642 1330; x_wconf 88' lang='lat' dir='ltr'>terminarique</span> <span class='ocrx_word' id='word_1_62' title='bbox 664 1230 867 1307; x_wconf 88' lang='lat' dir='ltr'>sententiam.</span> <span class='ocrx_word' id='word_1_63' title='bbox 891 1231 1016 1313; x_wconf 81' lang='lat' dir='ltr'>Estau-</span> <span class='ocrx_word' id='word_1_64' title='bbox 1120 1231 1135 1314; x_wconf 64' lang='lat' dir='ltr'>J</span> 
     </span>
     <span class='ocr_line' id='line_1_10' title="bbox 58 1342 1016 1442; baseline 0.005 -31"><span class='ocrx_word' id='word_1_65' title='bbox 58 1357 152 1430; x_wconf 89' lang='lat' dir='ltr'>tem,</span> <span class='ocrx_word' id='word_1_66' title='bbox 174 1359 211 1414; x_wconf 88' lang='lat' dir='ltr'>ut</span> <span class='ocrx_word' id='word_1_67' title='bbox 220 1342 255 1416; x_wconf 90' lang='lat' dir='ltr'>id</span> <span class='ocrx_word' id='word_1_68' title='bbox 265 1346 405 1418; x_wconf 88' lang='lat' dir='ltr'>maxime</span> <span class='ocrx_word' id='word_1_69' title='bbox 420 1347 560 1437; x_wconf 85' lang='lat' dir='ltr'>deceat,</span> <span class='ocrx_word' id='word_1_70' title='bbox 584 1369 654 1416; x_wconf 88' lang='lat' dir='ltr'>non</span> <span class='ocrx_word' id='word_1_71' title='bbox 678 1345 713 1417; x_wconf 92' lang='lat' dir='ltr'>id</span> <span class='ocrx_word' id='word_1_72' title='bbox 743 1343 857 1418; x_wconf 87' lang='lat' dir='ltr'>solum.</span> <span class='ocrx_word' id='word_1_73' title='bbox 886 1369 1016 1442; x_wconf 92' lang='lat' dir='ltr'>ponen-</span> 
     </span>
     <span class='ocr_line' id='line_1_11' title="bbox 60 1449 1020 1548; baseline 0.001 -25"><span class='ocrx_word' id='word_1_74' title='bbox 60 1452 124 1524; x_wconf 87' lang='lat' dir='ltr'>dus</span> <span class='ocrx_word' id='word_1_75' title='bbox 141 1451 188 1524; x_wconf 92' lang='lat' dir='ltr'>est</span> <span class='ocrx_word' id='word_1_76' title='bbox 210 1457 300 1528; x_wconf 89' lang='lat' dir='ltr'>enim</span> <span class='ocrx_word' id='word_1_77' title='bbox 317 1457 371 1528; x_wconf 89' lang='lat' dir='ltr'>ille</span> <span class='ocrx_word' id='word_1_78' title='bbox 384 1459 543 1548; x_wconf 88' lang='lat' dir='ltr'>ambitus,</span> <span class='ocrx_word' id='word_1_79' title='bbox 567 1449 636 1530; x_wconf 91' lang='lat' dir='ltr'>non</span> <span class='ocrx_word' id='word_1_80' title='bbox 657 1456 866 1532; x_wconf 83' lang='lat' dir='ltr'>abiiciendus.</span> <span class='ocrx_word' id='word_1_81' title='bbox 903 1456 1020 1546; x_wconf 82' lang='lat' dir='ltr'>Quare·</span> 
     </span>
     <span class='ocr_line' id='line_1_12' title="bbox 61 1564 1018 1665; baseline -0.002 -31"><span class='ocrx_word' id='word_1_82' title='bbox 61 1587 141 1634; x_wconf 91' lang='lat' dir='ltr'>cum</span> <span class='ocrx_word' id='word_1_83' title='bbox 160 1589 253 1638; x_wconf 88' lang='lat' dir='ltr'>aures</span> <span class='ocrx_word' id='word_1_84' title='bbox 275 1585 461 1647; x_wconf 88' lang='lat' dir='ltr'>extremum</span> <span class='ocrx_word' id='word_1_85' title='bbox 481 1564 608 1665; x_wconf 88' lang='lat' dir='ltr'>semper</span> <span class='ocrx_word' id='word_1_86' title='bbox 625 1566 836 1663; x_wconf 75' lang='lat' dir='ltr'>exspeslent,</span> <span class='ocrx_word' id='word_1_87' title='bbox 856 1564 891 1633; x_wconf 93' lang='lat' dir='ltr'>in</span> <span class='ocrx_word' id='word_1_88' title='bbox 910 1586 1018 1659; x_wconf 89' lang='lat' dir='ltr'>eoque</span> 
     </span>
     <span class='ocr_line' id='line_1_13' title="bbox 60 1673 1019 1772; baseline 0.001 -28"><span class='ocrx_word' id='word_1_89' title='bbox 60 1673 287 1771; x_wconf 86' lang='lat' dir='ltr'>acquiescant,</span> <span class='ocrx_word' id='word_1_90' title='bbox 304 1679 339 1750; x_wconf 94' lang='lat' dir='ltr'>id</span> <span class='ocrx_word' id='word_1_91' title='bbox 357 1705 477 1753; x_wconf 90' lang='lat' dir='ltr'>vacare</span> <span class='ocrx_word' id='word_1_92' title='bbox 496 1704 636 1750; x_wconf 89' lang='lat' dir='ltr'>numero</span> <span class='ocrx_word' id='word_1_93' title='bbox 655 1703 724 1750; x_wconf 92' lang='lat' dir='ltr'>non</span> <span class='ocrx_word' id='word_1_94' title='bbox 741 1691 892 1772; x_wconf 85' lang='lat' dir='ltr'>oportet:</span> <span class='ocrx_word' id='word_1_95' title='bbox 906 1675 959 1746; x_wconf 91' lang='lat' dir='ltr'>sed</span> <span class='ocrx_word' id='word_1_96' title='bbox 976 1673 1019 1745; x_wconf 91' lang='lat' dir='ltr'>ad</span> 
     </span>
     <span class='ocr_line' id='line_1_14' title="bbox 61 1782 1019 1886; baseline -0.003 -28"><span class='ocrx_word' id='word_1_97' title='bbox 61 1782 153 1858; x_wconf 90' lang='lat' dir='ltr'>hunc</span> <span class='ocrx_word' id='word_1_98' title='bbox 175 1785 300 1859; x_wconf 86' lang='lat' dir='ltr'>exitum</span> <span class='ocrx_word' id='word_1_99' title='bbox 323 1809 433 1861; x_wconf 89' lang='lat' dir='ltr'>tamen</span> <span class='ocrx_word' id='word_1_100' title='bbox 454 1789 652 1886; x_wconf 90' lang='lat' dir='ltr'>aprincipio</span> <span class='ocrx_word' id='word_1_101' title='bbox 670 1787 748 1859; x_wconf 86' lang='lat' dir='ltr'>ferri</span> <span class='ocrx_word' id='word_1_102' title='bbox 771 1787 867 1858; x_wconf 91' lang='lat' dir='ltr'>debet</span> <span class='ocrx_word' id='word_1_103' title='bbox 893 1785 1019 1860; x_wconf 87' lang='lat' dir='ltr'>verbo·</span> 
     </span>
     <span class='ocr_line' id='line_1_15' title="bbox 61 1894 1019 1996; baseline 0.003 -31"><span class='ocrx_word' id='word_1_104' title='bbox 61 1917 139 1965; x_wconf 88' lang='lat' dir='ltr'>tum</span> <span class='ocrx_word' id='word_1_105' title='bbox 153 1894 205 1967; x_wconf 90' lang='lat' dir='ltr'>illa</span> <span class='ocrx_word' id='word_1_106' title='bbox 218 1898 492 1996; x_wconf 82' lang='lat' dir='ltr'>comprehensio,</span> <span class='ocrx_word' id='word_1_107' title='bbox 526 1917 559 1972; x_wconf 91' lang='lat' dir='ltr'>et</span> <span class='ocrx_word' id='word_1_108' title='bbox 571 1917 641 1980; x_wconf 87' lang='lat' dir='ltr'>tota</span> <span class='ocrx_word' id='word_1_109' title='bbox 662 1924 681 1970; x_wconf 92' lang='lat' dir='ltr'>a</span> <span class='ocrx_word' id='word_1_110' title='bbox 698 1897 812 1995; x_wconf 79' lang='lat' dir='ltr'>capite&#39;</span> <span class='ocrx_word' id='word_1_111' title='bbox 826 1896 872 1969; x_wconf 90' lang='lat' dir='ltr'>ita</span> <span class='ocrx_word' id='word_1_112' title='bbox 891 1894 1019 1981; x_wconf 83' lang='lat' dir='ltr'>fluere,</span> 
     </span>
    </p>

    <p class='ocr_par' dir='ltr' id='par_1_4' title="bbox 25 2004 1085 2323">
     <span class='ocr_line' id='line_1_16' title="bbox 61 2004 1085 2112; baseline 0.004 -36"><span class='ocrx_word' id='word_1_113' title='bbox 61 2021 100 2076; x_wconf 90' lang='lat' dir='ltr'>ut</span> <span class='ocrx_word' id='word_1_114' title='bbox 109 2004 152 2076; x_wconf 90' lang='lat' dir='ltr'>ad</span> <span class='ocrx_word' id='word_1_115' title='bbox 165 2028 350 2081; x_wconf 86' lang='lat' dir='ltr'>extremum</span> <span class='ocrx_word' id='word_1_116' title='bbox 364 2010 500 2082; x_wconf 86' lang='lat' dir='ltr'>veniens</span> <span class='ocrx_word' id='word_1_117' title='bbox 513 2008 580 2106; x_wconf 90' lang='lat' dir='ltr'>ipsa</span> <span class='ocrx_word' id='word_1_118' title='bbox 599 2008 758 2083; x_wconf 85' lang='lat' dir='ltr'>consistat.</span> <span class='ocrx_word' id='word_1_119' title='bbox 775 2011 819 2112; x_wconf 59' lang='lat' dir='ltr'>„ld</span> <span class='ocrx_word' id='word_1_120' title='bbox 832 2029 940 2081; x_wconf 92' lang='lat' dir='ltr'>autem</span> <span class='ocrx_word' id='word_1_121' title='bbox 953 2009 1018 2080; x_wconf 89' lang='lat' dir='ltr'>bo·</span> <span class='ocrx_word' id='word_1_122' title='bbox 1036 2023 1085 2091; x_wconf 76' lang='lat' dir='ltr'>zi·</span> 
     </span>
     <span class='ocr_line' id='line_1_17' title="bbox 25 2113 1021 2216; baseline 0.006 -32"><span class='ocrx_word' id='word_1_123' title='bbox 25 2130 29 2135; x_wconf 83' lang='grc'><em>·</em></span> <span class='ocrx_word' id='word_1_124' title='bbox 61 2138 105 2184; x_wconf 90' lang='lat' dir='ltr'>na</span> <span class='ocrx_word' id='word_1_125' title='bbox 125 2113 292 2214; x_wconf 85' lang='lat' dir='ltr'>disciplina</span> <span class='ocrx_word' id='word_1_126' title='bbox 306 2118 505 2210; x_wconf 85' lang='lat' dir='ltr'>exercitatis,</span> <span class='ocrx_word' id='word_1_127' title='bbox 527 2120 584 2216; x_wconf 91' lang='lat' dir='ltr'>qui</span> <span class='ocrx_word' id='word_1_128' title='bbox 605 2137 638 2190; x_wconf 92' lang='lat' dir='ltr'>et</span> <span class='ocrx_word' id='word_1_129' title='bbox 652 2120 751 2191; x_wconf 85' lang='lat' dir='ltr'>mtdta</span> <span class='ocrx_word' id='word_1_130' title='bbox 764 2119 948 2216; x_wconf 88' lang='lat' dir='ltr'>scripserint</span> <span class='ocrx_word' id='word_1_131' title='bbox 961 2173 974 2206; x_wconf 93' lang='lat'>,</span> <span class='ocrx_word' id='word_1_132' title='bbox 987 2136 1021 2190; x_wconf 89' lang='lat' dir='ltr'>et</span> 
     </span>
     <span class='ocr_line' id='line_1_18' title="bbox 62 2226 1020 2323; baseline 0.001 -28"><span class='ocrx_word' id='word_1_133' title='bbox 62 2249 281 2323; x_wconf 88' lang='lat' dir='ltr'>quaecunque</span> <span class='ocrx_word' id='word_1_134' title='bbox 294 2229 392 2301; x_wconf 91' lang='lat' dir='ltr'>etiam</span> <span class='ocrx_word' id='word_1_135' title='bbox 411 2227 477 2299; x_wconf 92' lang='lat' dir='ltr'>sme</span> <span class='ocrx_word' id='word_1_136' title='bbox 489 2229 611 2323; x_wconf 89' lang='lat' dir='ltr'>scripto</span> <span class='ocrx_word' id='word_1_137' title='bbox 624 2228 783 2315; x_wconf 90' lang='lat' dir='ltr'>dicerent,</span> <span class='ocrx_word' id='word_1_138' title='bbox 791 2226 904 2296; x_wconf 84' lang='lat' dir='ltr'>similia</span> <span class='ocrx_word' id='word_1_139' title='bbox 916 2226 1020 2321; x_wconf 91' lang='lat' dir='ltr'>scrip-</span> 
     </span>
    </p>

    <p class='ocr_par' dir='ltr' id='par_1_5' title="bbox 12 2330 1022 2539">
     <span class='ocr_line' id='line_1_19' title="bbox 12 2330 1021 2435; baseline 0.002 -32"><span class='ocrx_word' id='word_1_140' title='bbox 12 2418 25 2435; x_wconf 39' lang='lat'><strong>·</strong></span> <span class='ocrx_word' id='word_1_141' title='bbox 66 2330 380 2423; x_wconf 84' lang='lat' dir='ltr'>tonuneffecerint,</span> <span class='ocrx_word' id='word_1_142' title='bbox 405 2358 475 2405; x_wconf 93' lang='lat' dir='ltr'>non</span> <span class='ocrx_word' id='word_1_143' title='bbox 489 2333 551 2404; x_wconf 91' lang='lat' dir='ltr'>erit</span> <span class='ocrx_word' id='word_1_144' title='bbox 574 2332 810 2403; x_wconf 87' lang='lat' dir='ltr'>difficillimum.</span> <span class='ocrx_word' id='word_1_145' title='bbox 835 2335 917 2402; x_wconf 82' lang='lat' dir='ltr'>Ante</span> <span class='ocrx_word' id='word_1_146' title='bbox 931 2334 1021 2405; x_wconf 89' lang='lat' dir='ltr'>enim</span> 
     </span>
     <span class='ocr_line' id='line_1_20' title="bbox 64 2437 1022 2539; baseline -0.001 -24"><span class='ocrx_word' id='word_1_147' title='bbox 64 2441 342 2539; x_wconf 81' lang='lat' dir='ltr'>circumscribitur</span> <span class='ocrx_word' id='word_1_148' title='bbox 365 2444 475 2512; x_wconf 88' lang='lat' dir='ltr'>mente</span> <span class='ocrx_word' id='word_1_149' title='bbox 493 2438 671 2527; x_wconf 91' lang='lat' dir='ltr'>sententia,</span> <span class='ocrx_word' id='word_1_150' title='bbox 697 2437 936 2536; x_wconf 82' lang='lat' dir='ltr'>confestimque</span> <span class='ocrx_word' id='word_1_151' title='bbox 949 2466 1022 2514; x_wconf 86' lang='lat' dir='ltr'>ver·</span> 
     </span>
    </p>

    <p class='ocr_par' dir='ltr' id='par_1_6' title="bbox 29 2548 1135 3757">
     <span class='ocr_line' id='line_1_21' title="bbox 64 2548 1023 2647; baseline 0.002 -24"><span class='ocrx_word' id='word_1_152' title='bbox 64 2552 108 2623; x_wconf 92' lang='lat' dir='ltr'>ba</span> <span class='ocrx_word' id='word_1_153' title='bbox 133 2569 337 2623; x_wconf 88' lang='lat' dir='ltr'>concurrunt</span> <span class='ocrx_word' id='word_1_154' title='bbox 356 2577 368 2638; x_wconf 83' lang='lat'>3</span> <span class='ocrx_word' id='word_1_155' title='bbox 405 2573 489 2647; x_wconf 90' lang='lat' dir='ltr'>quae</span> <span class='ocrx_word' id='word_1_156' title='bbox 511 2571 603 2619; x_wconf 88' lang='lat' dir='ltr'>mens</span> <span class='ocrx_word' id='word_1_157' title='bbox 621 2548 760 2637; x_wconf 92' lang='lat' dir='ltr'>eadem,</span> <span class='ocrx_word' id='word_1_158' title='bbox 784 2573 849 2645; x_wconf 92' lang='lat' dir='ltr'>qua</span> <span class='ocrx_word' id='word_1_159' title='bbox 873 2551 954 2623; x_wconf 92' lang='lat' dir='ltr'>nihil</span> <span class='ocrx_word' id='word_1_160' title='bbox 975 2551 1023 2625; x_wconf 90' lang='lat' dir='ltr'>est</span> 
     </span>
     <span class='ocr_line' id='line_1_22' title="bbox 65 2657 1032 2756; baseline 0.002 -23"><span class='ocrx_word' id='word_1_161' title='bbox 65 2659 225 2750; x_wconf 84' lang='lat' dir='ltr'>celerius,</span> <span class='ocrx_word' id='word_1_162' title='bbox 248 2658 354 2732; x_wconf 86' lang='lat' dir='ltr'>statim</span> <span class='ocrx_word' id='word_1_163' title='bbox 378 2659 514 2732; x_wconf 88' lang='lat' dir='ltr'>dimittit</span> <span class='ocrx_word' id='word_1_164' title='bbox 522 2705 538 2746; x_wconf 90' lang='lat'>,-</span> <span class='ocrx_word' id='word_1_165' title='bbox 554 2673 602 2728; x_wconf 60' lang='lat' dir='ltr'>ut,</span> <span class='ocrx_word' id='word_1_166' title='bbox 618 2657 678 2728; x_wconf 92' lang='lat' dir='ltr'>suo</span> <span class='ocrx_word' id='word_1_167' title='bbox 698 2657 856 2756; x_wconf 89' lang='lat' dir='ltr'>quodque</span> <span class='ocrx_word' id='word_1_168' title='bbox 875 2660 954 2734; x_wconf 89' lang='lat' dir='ltr'>loco</span> <span class='ocrx_word' id='word_1_169' title='bbox 969 2684 1032 2735; x_wconf 77' lang='lat' dir='ltr'>re··</span> 
     </span>
     <span class='ocr_line' id='line_1_23' title="bbox 53 2758 1092 2868; baseline -0.002 -23"><span class='ocrx_word' id='word_1_170' title='bbox 53 2771 246 2868; x_wconf 76' lang='lat' dir='ltr'>spondeat:</span> <span class='ocrx_word' id='word_1_171' title='bbox 263 2758 406 2867; x_wconf 91' lang='lat' dir='ltr'>quotum</span> <span class='ocrx_word' id='word_1_172' title='bbox 418 2768 596 2864; x_wconf 81' lang='lat' dir='ltr'>descriptus</span> <span class='ocrx_word' id='word_1_173' title='bbox 609 2767 696 2838; x_wconf 92' lang='lat' dir='ltr'>ordo</span> <span class='ocrx_word' id='word_1_174' title='bbox 711 2767 786 2840; x_wconf 88' lang='lat' dir='ltr'>alias</span> <span class='ocrx_word' id='word_1_175' title='bbox 799 2769 860 2840; x_wconf 92' lang='lat' dir='ltr'>alia</span> <span class='ocrx_word' id='word_1_176' title='bbox 873 2771 1023 2855; x_wconf 82' lang='lat' dir='ltr'>termina·</span> <span class='ocrx_word' id='word_1_177' title='bbox 1090 2786 1092 2790; x_wconf 70' lang='grc'><strong>“</strong></span> 
     </span>
     <span class='ocr_line' id='line_1_24' title="bbox 63 2867 1025 2978; baseline -0.002 -22"><span class='ocrx_word' id='word_1_178' title='bbox 63 2885 160 2956; x_wconf 91' lang='lat' dir='ltr'>tione</span> <span class='ocrx_word' id='word_1_179' title='bbox 178 2867 400 2955; x_wconf 86' lang='lat' dir='ltr'>concluditur:</span> <span class='ocrx_word' id='word_1_180' title='bbox 427 2897 523 2978; x_wconf 90' lang='lat' dir='ltr'>atque</span> <span class='ocrx_word' id='word_1_181' title='bbox 542 2877 656 2949; x_wconf 90' lang='lat' dir='ltr'>omnia</span> <span class='ocrx_word' id='word_1_182' title='bbox 669 2877 723 2950; x_wconf 91' lang='lat' dir='ltr'>illa</span> <span class='ocrx_word' id='word_1_183' title='bbox 736 2896 770 2955; x_wconf 91' lang='lat' dir='ltr'>et</span> <span class='ocrx_word' id='word_1_184' title='bbox 793 2881 899 2978; x_wconf 91' lang='lat' dir='ltr'>prima</span> <span class='ocrx_word' id='word_1_185' title='bbox 908 2905 941 2954; x_wconf 92' lang='lat' dir='ltr'>et</span> <span class='ocrx_word' id='word_1_186' title='bbox 954 2907 1025 2954; x_wconf 89' lang='lat' dir='ltr'>me-</span> 
     </span>
     <span class='ocr_line' id='line_1_25' title="bbox 66 2986 1087 3085; baseline -0.008 -20"><span class='ocrx_word' id='word_1_187' title='bbox 66 2991 122 3065; x_wconf 91' lang='lat' dir='ltr'>dia</span> <span class='ocrx_word' id='word_1_188' title='bbox 134 2990 238 3065; x_wconf 89' lang='lat' dir='ltr'>verba</span> <span class='ocrx_word' id='word_1_189' title='bbox 250 2989 391 3085; x_wconf 72' lang='lat' dir='ltr'>spectare</span> <span class='ocrx_word' id='word_1_190' title='bbox 410 2989 531 3063; x_wconf 91' lang='lat' dir='ltr'>debent</span> <span class='ocrx_word' id='word_1_191' title='bbox 545 2987 586 3059; x_wconf 94' lang='lat' dir='ltr'>ad</span> <span class='ocrx_word' id='word_1_192' title='bbox 607 2986 769 3061; x_wconf 85' lang='lat' dir='ltr'>ultimum.</span> <span class='ocrx_word' id='word_1_193' title='bbox 799 2989 967 3060; x_wconf 88' lang='lat' dir='ltr'>Interdum</span> <span class='ocrx_word' id='word_1_194' title='bbox 985 3012 1027 3068; x_wconf 22' lang='lat' dir='ltr'>e-,</span> <span class='ocrx_word' id='word_1_195' title='bbox 1040 3021 1087 3057; x_wconf 65' lang='grc' dir='ltr'>ιω</span> 
     </span>
     <span class='ocr_line' id='line_1_26' title="bbox 67 3097 1024 3185; baseline -0.004 -11"><span class='ocrx_word' id='word_1_196' title='bbox 67 3101 140 3174; x_wconf 90' lang='lat' dir='ltr'>nim</span> <span class='ocrx_word' id='word_1_197' title='bbox 162 3099 273 3172; x_wconf 88' lang='lat' dir='ltr'>cursus</span> <span class='ocrx_word' id='word_1_198' title='bbox 288 3098 382 3172; x_wconf 86' lang='lat' dir='ltr'>estin</span> <span class='ocrx_word' id='word_1_199' title='bbox 403 3100 555 3172; x_wconf 92' lang='lat' dir='ltr'>oratione</span> <span class='ocrx_word' id='word_1_200' title='bbox 568 3097 754 3185; x_wconf 91' lang='lat' dir='ltr'>incitatior,</span> <span class='ocrx_word' id='word_1_201' title='bbox 767 3097 931 3167; x_wconf 88' lang='lat' dir='ltr'>interdum</span> <span class='ocrx_word' id='word_1_202' title='bbox 945 3123 1024 3170; x_wconf 88' lang='lat' dir='ltr'>mo·</span> 
     </span>
     <span class='ocr_line' id='line_1_27' title="bbox 66 3203 1135 3309; baseline -0.007 -22"><span class='ocrx_word' id='word_1_203' title='bbox 66 3213 181 3300; x_wconf 89' lang='lat' dir='ltr'>derata</span> <span class='ocrx_word' id='word_1_204' title='bbox 197 3211 373 3309; x_wconf 81' lang='lat' dir='ltr'>ingress103</span> <span class='ocrx_word' id='word_1_205' title='bbox 398 3231 435 3283; x_wconf 85' lang='lat' dir='ltr'>ut</span> <span class='ocrx_word' id='word_1_206' title='bbox 456 3209 522 3283; x_wconf 87' lang='lat' dir='ltr'>iam</span> <span class='ocrx_word' id='word_1_207' title='bbox 545 3234 564 3278; x_wconf 95' lang='lat' dir='ltr'>a</span> <span class='ocrx_word' id='word_1_208' title='bbox 582 3203 748 3302; x_wconf 92' lang='lat' dir='ltr'>principio</span> <span class='ocrx_word' id='word_1_209' title='bbox 769 3204 952 3278; x_wconf 86' lang='lat' dir='ltr'>videndum</span> <span class='ocrx_word' id='word_1_210' title='bbox 966 3207 1025 3299; x_wconf 89' lang='lat' dir='ltr'>stt,</span> <span class='ocrx_word' id='word_1_211' title='bbox 1101 3204 1104 3209; x_wconf 68' lang='grc'><strong>’</strong></span> <span class='ocrx_word' id='word_1_212' title='bbox 1133 3258 1135 3263; x_wconf 65' lang='grc'><em>»</em></span> 
     </span>
     <span class='ocr_line' id='line_1_28' title="bbox 29 3311 1025 3416; baseline -0.005 -25"><span class='ocrx_word' id='word_1_213' title='bbox 29 3362 31 3367; x_wconf 92' lang='grc'><strong>-</strong></span> <span class='ocrx_word' id='word_1_214' title='bbox 66 3317 351 3416; x_wconf 83' lang='lat' dir='ltr'>quemadmodum</span> <span class='ocrx_word' id='word_1_215' title='bbox 363 3313 444 3389; x_wconf 90' lang='lat' dir='ltr'>velis</span> <span class='ocrx_word' id='word_1_216' title='bbox 456 3312 571 3388; x_wconf 88' lang='lat' dir='ltr'>venite</span> <span class='ocrx_word' id='word_1_217' title='bbox 584 3312 625 3381; x_wconf 93' lang='lat' dir='ltr'>ad</span> <span class='ocrx_word' id='word_1_218' title='bbox 636 3315 832 3383; x_wconf 79' lang='lat' dir='ltr'>extremum.</span> <span class='ocrx_word' id='word_1_219' title='bbox 841 3336 901 3384; x_wconf 92' lang='lat' dir='ltr'>nec</span> <span class='ocrx_word' id='word_1_220' title='bbox 910 3311 946 3386; x_wconf 91' lang='lat' dir='ltr'>in</span> <span class='ocrx_word' id='word_1_221' title='bbox 961 3339 1025 3386; x_wconf 91' lang='lat' dir='ltr'>nu·</span> 
     </span>
     <span class='ocr_line' id='line_1_29' title="bbox 67 3421 1026 3530; baseline -0.011 -22"><span class='ocrx_word' id='word_1_222' title='bbox 67 3433 170 3508; x_wconf 88' lang='lat' dir='ltr'>meris</span> <span class='ocrx_word' id='word_1_223' title='bbox 182 3431 301 3530; x_wconf 85' lang='lat' dir='ltr'>magis,</span> <span class='ocrx_word' id='word_1_224' title='bbox 325 3453 425 3526; x_wconf 88' lang='lat' dir='ltr'>quam</span> <span class='ocrx_word' id='word_1_225' title='bbox 442 3427 477 3496; x_wconf 91' lang='lat' dir='ltr'>in</span> <span class='ocrx_word' id='word_1_226' title='bbox 490 3421 624 3530; x_wconf 86' lang='lat' dir='ltr'>reliquis¹</span> <span class='ocrx_word' id='word_1_227' title='bbox 636 3423 839 3497; x_wconf 89' lang='lat' dir='ltr'>ornamentis</span> <span class='ocrx_word' id='word_1_228' title='bbox 853 3426 1026 3515; x_wconf 86' lang='lat' dir='ltr'>orationis,</span> 
     </span>
     <span class='ocr_line' id='line_1_30' title="bbox 65 3532 1026 3635; baseline -0.01 -13"><span class='ocrx_word' id='word_1_229' title='bbox 65 3545 184 3622; x_wconf 86' lang='lat' dir='ltr'>eadem</span> <span class='ocrx_word' id='word_1_230' title='bbox 192 3532 439 3626; x_wconf 88' lang='lat' dir='ltr'>cumfaciamus,</span> <span class='ocrx_word' id='word_1_231' title='bbox 452 3561 535 3635; x_wconf 86' lang='lat' dir='ltr'>quae</span> <span class='ocrx_word' id='word_1_232' title='bbox 547 3551 676 3631; x_wconf 85' lang='lat' dir='ltr'>poetae,</span> <span class='ocrx_word' id='word_1_233' title='bbox 689 3533 863 3634; x_wconf 73' lang='lat' dir='ltr'>effugimus</span> <span class='ocrx_word' id='word_1_234' title='bbox 874 3542 1026 3614; x_wconf 89' lang='lat' dir='ltr'>tamenin</span> 
     </span>
     <span class='ocr_line' id='line_1_31' title="bbox 67 3645 1125 3757; baseline -0.01 -27"><span class='ocrx_word' id='word_1_235' title='bbox 67 3655 224 3747; x_wconf 84' lang='lat' dir='ltr'>oratione</span> <span class='ocrx_word' id='word_1_236' title='bbox 237 3652 398 3753; x_wconf 76' lang='lat' dir='ltr'>poematis</span> <span class='ocrx_word' id='word_1_237' title='bbox 415 3647 667 3721; x_wconf 79' lang='lat' dir='ltr'>similitudinem.</span> <span class='ocrx_word' id='word_1_238' title='bbox 681 3645 735 3718; x_wconf 88' lang='lat' dir='ltr'>Esl</span> <span class='ocrx_word' id='word_1_239' title='bbox 744 3647 1027 3757; x_wconf 74' lang='lat' dir='ltr'>eniminutroque</span> <span class='ocrx_word' id='word_1_240' title='bbox 1120 3668 1125 3682; x_wconf 84' lang='grc'><em>·</em></span> 
     </span>
    </p>
   </div>
   <div class='ocr_carea' id='block_1_3' title="bbox 71 3756 1027 3850">
    <p class='ocr_par' dir='ltr' id='par_1_7' title="bbox 71 3756 1027 3850">
     <span class='ocr_line' id='line_1_32' title="bbox 71 3756 1027 3850; baseline -0.006 -10"><span class='ocrx_word' id='word_1_241' title='bbox 71 3785 109 3841; x_wconf 86' lang='lat' dir='ltr'>et</span> <span class='ocrx_word' id='word_1_242' title='bbox 125 3765 261 3842; x_wconf 79' lang='lat' dir='ltr'>materia</span> <span class='ocrx_word' id='word_1_243' title='bbox 269 3783 303 3840; x_wconf 90' lang='lat' dir='ltr'>et</span> <span class='ocrx_word' id='word_1_244' title='bbox 310 3761 461 3839; x_wconf 69' lang='lat' dir='ltr'>nauata</span> <span class='ocrx_word' id='word_1_245' title='bbox 475 3786 485 3835; x_wconf 90' lang='lat'>:</span> <span class='ocrx_word' id='word_1_246' title='bbox 498 3757 634 3839; x_wconf 79' lang='lat' dir='ltr'>materia</span> <span class='ocrx_word' id='word_1_247' title='bbox 648 3756 814 3850; x_wconf 64' lang='lat' dir='ltr'>invenis,</span> <span class='ocrx_word' id='word_1_248' title='bbox 826 3759 976 3834; x_wconf 76' lang='lat' dir='ltr'>traslatio</span> <span class='ocrx_word' id='word_1_249' title='bbox 990 3760 1027 3834; x_wconf 89' lang='lat' dir='ltr'>in</span> 
     </span>
    </p>
   </div>
   <div class='ocr_carea' id='block_1_4' title="bbox 13 3962 66 4009">
    <p class='ocr_par' dir='ltr' id='par_1_8' title="bbox 13 3962 66 4009">
     <span class='ocr_line' id='line_1_33' title="bbox 13 3962 66 4009; baseline 0 0"><span class='ocrx_word' id='word_1_250' title='bbox 13 3962 66 4009; x_wconf 86' lang='lat' dir='ltr'>-l</span> 
     </span>
    </p>
   </div>
   <div class='ocr_carea' id='block_1_5' title="bbox 1044 4022 1088 4048">
    <p class='ocr_par' dir='ltr' id='par_1_9' title="bbox 1044 4022 1088 4048">
     <span class='ocr_line' id='line_1_34' title="bbox 1044 4022 1088 4048; baseline 0 0"><span class='ocrx_word' id='word_1_251' title='bbox 1044 4022 1088 4048; x_wconf 70' lang='lat' dir='ltr'>nd</span> 
     </span>
    </p>
   </div>
   <div class='ocr_carea' id='block_1_6' title="bbox 0 0 1170 4304">
    <p class='ocr_par' dir='ltr' id='par_1_10' title="bbox 0 0 1170 4304">
     <span class='ocr_line' id='line_1_35' title="bbox 0 0 1170 4304; baseline 0 0"><span class='ocrx_word' id='word_1_252' title='bbox 0 0 1170 4304; x_wconf 95' lang='lat' dir='ltr'> </span> 
     </span>
    </p>
   </div>
  </div>
 </body>
</html>
