2302 4304
43 336 46 341 -
151 297 220 402 ηε
379 295 898 417 naoaaroar

149 461 252 559 phum
275 462 438 561 appellare
470 460 588 552 malit,
607 485 678 534 non
701 461 879 560 impediam
894 488 910 537 t
924 462 1114 541 dummodo
1130 542 1133 549 ,

117 605 121 611 ¹
147 571 215 644 hoc
237 571 388 662 constet,
410 595 519 669 neque
538 568 708 642 infantiam
727 571 820 659 eius,
841 571 901 669 qui
918 596 992 644 rem
1006 576 1113 665 norit,

46 723 48 728 ·
147 680 203 756 sed
227 707 298 753 eam
326 680 491 778 explicare
513 681 657 755 dicendo
683 703 753 754 non
780 703 901 781 queat,
924 709 1037 783 neque
1060 687 1112 759 in·

141 789 314 865 ‘scientiam
332 791 444 882 illius,
475 792 530 864 cui
553 815 605 865 res
624 814 695 864 non
717 792 889 891 suppetat,
911 797 1017 869 verba
1044 820 1112 872 non

144 903 270 995 defin,
296 903 360 978 esse
382 904 601 976 laudandam:
622 929 766 1003 quorum
786 905 969 978 staterum
993 907 1034 981 fit
1049 933 1110 1007 op·

144 1017 303 1106 tandum,
329 1017 441 1090 malim
467 1017 837 1116 equidem.indistrtam
868 1019 1109 1116 prudentiam,

27 1177 32 1188 ·
77 1148 244 1227 143quam
271 1126 437 1202 stultitiam
464 1129 652 1228 loquacem.
694 1129 752 1202 Sin
771 1131 1002 1228 quaerimus,
1035 1123 1108 1232 quid

107 1257 110 1261 ’
143 1265 247 1312 unum
277 1240 413 1313 excellat
437 1264 480 1313 ex
511 1241 669 1314 omnibus
681 1294 693 1332 ,
719 1241 822 1314 dolio
846 1242 976 1315 oratori
1007 1245 1106 1340 palma

67 1380 73 1399 .
143 1350 252 1423 danda
277 1346 332 1420 est.
363 1373 464 1446 quem
482 1348 510 1422 fi
530 1351 699 1447 patiuntur
720 1350 861 1423 eundem
877 1349 944 1423 esse
964 1353 1103 1449 philoso-

143 1458 269 1555 phum,
291 1458 412 1532 sublata
438 1459 668 1535 controversia
688 1458 744 1534 ell.
763 1457 811 1532 fin
824 1484 883 1534 eos
904 1461 1102 1563 disiungenr;

143 1570 211 1642 hoc
233 1589 330 1644 erunt
350 1569 548 1659 inferiores,
571 1571 665 1669 quod
687 1571 723 1644 in
743 1584 878 1644 oratore
897 1574 1100 1670 perfecloin·

143 1677 204 1762 ests
219 1676 351 1752 illorum
372 1680 482 1753 omnis
506 1677 670 1770 scientia,
692 1679 728 1751 in
755 1679 1034 1777 philosophomm
1053 1711 1099 1756 au·
1138 1732 1141 1741 ·

32 1778 36 1791 ¹
143 1807 212 1864 tem
242 1789 436 1894 cognitione
466 1815 538 1862 non
574 1789 736 1863 continuo
773 1788 856 1862 inell
886 1790 1095 1890 eloquentia:

95 1903 99 1909 ’
128 1916 229 1997 quae
248 1897 401 1996 quamvis
422 1915 657 1972 contemnatur
679 1897 721 1969 ab
743 1895 815 1987 eis,
838 1898 969 1981 necelle
992 1899 1037 1973 est
1058 1924 1095 1985 ta·
1121 1894 1126 1902 ⁴

92 2049 104 2064 ⁴-
144 2033 223 2082 men
243 2011 386 2108 aliquem
412 2009 580 2084 cumulum
602 2006 735 2079 illorum
759 2006 885 2080 artibus
914 2007 1033 2083 afferre
1051 2008 1102 2084 vi¹⁴

22 2125 24 2130 ’
101 2181 105 2190 .
144 2125 268 2198 deatur.
314 2126 408 2198 Haec
436 2148 513 2196 cum
538 2120 672 2193 Crallus
700 2119 851 2210 dixisset,
876 2137 1092 2220 parumperet
1140 2189 1141 2193 ,

144 2237 212 2335 ipse
233 2236 420 2328 conticuit,
442 2253 477 2308 et
498 2233 614 2306 ceteris
634 2233 796 2326 silentium
816 2230 891 2307 fuit.

79 2359 125 2453 36
193 2351 283 2424 Tum
310 2350 432 2439 Cotta,
449 2346 633 2446 Equidem,
652 2345 778 2444 inquit,
796 2332 937 2438 erasse,
955 2367 1024 2420 non
1035 2342 1092 2446 pol·

80 2490 125 2544 ¹44
143 2454 362 2565 sum‘queri,
386 2461 481 2562 quod
506 2459 588 2532 milri
607 2459 742 2534 videare
759 2458 848 2530 aliud
870 2458 1051 2557 quiddam,
1070 2474 1093 2530 et

144 2601 215 2647 non
234 2576 270 2647 id
282 2627 294 2665 ,
304 2568 622 2672 quod-susceperis,
638 2565 831 2666 disputasse:
855 2569 930 2666 plus
944 2569 1032 2642 enim
1046 2567 1091 2640 ali·

143 2700 271 2779 quanto
290 2677 444 2766 attulisti,
473 2700 574 2775 quam
593 2674 663 2748 tibi
681 2672 765 2748 effet
787 2673 951 2748 tributum
974 2671 1093 2748 anobis

145 2812 185 2865 ac
209 2784 450 2879 denuntiatum
488 2783 544 2856 sed
573 2800 663 2856 certe
689 2800 723 2856 et
752 2781 817 2855 hae
837 2801 949 2881 partes
972 2781 1093 2856 fuerint

145 2907 248 2991 tuae,
272 2882 315 2976 de
334 2897 536 2973 illustranda
551 2895 704 2969 oratione
731 2913 768 2969 ut
802 2893 956 2986 diceres,
978 2912 1012 2967 et
1037 2912 1094 2966 eras

21 3037 25 3045 “
146 3017 215 3118 ipse
232 2996 298 3090 iam
314 3000 498 3113 ingrellus,
515 3024 616 3104 atque
636 3006 672 3078 in
685 3023 829 3105 quatuor
845 3026 955 3102 partes
970 3026 1095 3110 omnen

147 3122 456 3206 orationialaudem
480 3113 690 3214 descripseras
712 3144 722 3191 ε
743 3140 886 3216 cumque
911 3114 954 3199 de
981 3113 1096 3188 duabus

148 3243 264 3343 primis
284 3232 382 3311 nobis
404 3231 539 3333 quidem
561 3228 660 3321 satis,
691 3227 771 3320 sed,
800 3250 837 3303 ut
856 3226 925 3326 ipse
950 3226 1095 3308 dicebas,

116 3380 118 3385 ·
149 3351 297 3429 celeriter
310 3339 680 3444 exiguequedixilles,
708 3339 790 3413 duas
805 3338 870 3412 ribi
895 3337 1036 3435 reliquas
1056 3332 1094 3406 le

138 3442 260 3551 ceras,
273 3457 551 3560 quemadmodum
564 3452 708 3552 primum
722 3471 855 3536 ornate,
875 3449 995 3522 deinde
1007 3446 1093 3521 etiam
1138 3484 1141 3528 t

85 3614 129 3666 ¹45
150 3599 225 3678 apte
243 3573 435 3649 diceremus.
455 3570 542 3663 Quo
566 3590 643 3638 cum
667 3561 824 3664 ingrersus
848 3559 955 3651 elles,
972 3572 1091 3656 repente
1117 3571 1141 3639 'l

151 3713 184 3762 te
209 3682 298 3788 quast
321 3682 454 3782 quidam
473 3677 584 3755 aestus
610 3676 735 3776 ingenii
764 3673 953 3778 tuifprocul
973 3685 1089 3745 atem
1134 3679 1140 3747 ί

142 3794 425 3903 ‘abripuit,atque
438 3787 477 3864 in
494 3785 596 3862 altum
615 3781 829 3899 aconspedlu
836 3803 942 3878 paene
954 3776 1086 3856 omnim
1109 3868 1112 3873 Ι

68 3922 268 4048 tt.
